2640 4780
228 422 319 497 214
622 413 885 486 CICERONIS

314 583 450 656 XXXV.
487 583 604 654 Doctus
642 587 737 654 etiam
775 567 911 655 Graecis
943 582 982 654 T.
1015 584 1191 666 Albucius,
1230 589 1273 656 ool

229 710 333 799 potius
360 725 462 796 paene
484 703 635 772 Graecus.
678 704 806 792 loquor,
833 715 868 772 ut
897 707 1022 793 opinor:
1051 706 1111 772 sed
1138 705 1216 774 lioct
1243 726 1273 774 or

231 825 426 896 orationihus
445 824 597 892 iudicare.
631 822 690 890 fuit
711 832 814 890 autern
831 821 964 892 Athenis
982 823 1191 902 adolescens3
1212 845 1274 912 per-

230 946 332 1014 fectus
358 941 532 1032 Epicureus
560 950 724 1022 euaserat3
755 942 881 1008 minime
911 951 1015 1030 aptum
1047 941 1089 1008 ad
1117 942 1276 1010 dicendum

230 1083 342 1150 genos.
386 1062 459 1128 132.
481 1058 547 1127 lam
570 1057 608 1140 Q.
629 1057 760 1149 Catulus
780 1079 844 1126 non
866 1061 994 1147 antiquo
1015 1059 1072 1128 illc
1095 1081 1201 1140 more,
1227 1060 1277 1127 sed

230 1180 292 1250 hoc
324 1190 450 1260 nostro,
481 1180 546 1246 nisi
577 1177 652 1266 quid
680 1177 750 1244 fieri
780 1187 883 1266 potest
913 1177 1099 1265 perfectius,
1133 1179 1274 1246 eruditos.

231 1297 355 1368 Multae
380 1299 510 1378 literae,
539 1315 661 1362 sumna
687 1315 751 1364 non
775 1298 860 1364 vitae
889 1295 990 1362 solum
1019 1306 1111 1382 atquc
1140 1307 1275 1375 naturae,

233 1417 292 1484 sed
317 1417 471 1485 orationis
499 1415 594 1481 etiam
622 1416 771 1497 comitas,
798 1416 979 1502 incorrupta
1000 1415 1157 1501 quaedam
1177 1413 1277 1482 Latini

234 1535 390 1602 sermonis
418 1534 603 1619 integritas:
637 1553 729 1620 quae»
747 1535 885 1622 perspici
916 1553 986 1600 cum
1018 1553 1058 1600 ex
1087 1533 1277 1605 orationihus

236 1654 306 1720 eius
327 1661 512 1740 potentum
533 1651 685 1718 facillime
707 1671 746 1722 ex
766 1671 804 1718 oo
828 1650 925 1730 libro,
947 1671 1039 1738 quern
1061 1651 1100 1718 de
1118 1650 1279 1721 consulatu

234 1778 266 1836 et
287 1769 325 1836 de
346 1769 441 1836 rebus
462 1770 562 1870 gestis
580 1772 647 1836 suis
669 1771 877 1857 couscriptum
898 1768 987 1836 molli
1009 1778 1039 1838 et
1054 1766 1277 1856 Xenophonteo

233 1905 351 1972 genere
381 1889 536 1954 sermonis
564 1889 650 1954 misit
672 1887 714 1954 ad
734 1887 775 1953 Α.
796 1884 921 1953 Furium
942 1895 1067 1975 poetam
1093 1887 1278 1956 familiarem

234 2025 339 2072 suum:
368 2005 421 2091 qui
443 2004 527 2072 liher
546 2004 646 2072 nihilo
664 1983 771 2072 'notior
791 2013 840 2073 est
861 2025 954 2092 quam
975 2003 1024 2070 illi
1045 2015 1126 2083 tres,
1155 2005 1194 2070 de
1216 2004 1279 2091 qoi-

233 2121 293 2190 hus
316 2133 387 2194 anta
409 2123 489 2202 dixi,
512 2121 627 2190 Scauri
643 2121 727 2190 libri.
771 2123 849 2189 133.¹
867 2121 949 2188 Turn
965 2121 1094 2192 Brutus:
1116 2099 1207 2188 Mihi
1217 2123 1279 2210 qni·

217 2240 321 2319 dem,
351 2243 466 2327 inquit,
494 2261 555 2308 neo
580 2243 640 2308 iste
663 2251 754 2308 notus
776 2250 825 2308 est
853 2260 912 2307 nec
934 2241 1002 2319 illi;
1031 2239 1192 2328 sedhacc
1214 2258 1281 2306 mea

235 2357 329 2445 culpa
349 2367 413 2424 est:
438 2378 596 2444 nunquam
617 2360 700 2424 eninr
721 2361 755 2424 in
776 2378 887 2426 manus
909 2359 1100 2439 inciderunt3
1122 2379 1206 2426 nuuc
1230 2377 1280 2424 au·

233 2483 297 2540 tem
322 2483 352 2540 et
375 2495 395 2540 a
415 2485 446 2541 ta
470 2496 589 2542 somam
618 2487 649 2544 et
671 2478 854 2564 conquiram
881 2478 944 2544 ista
964 2477 1094 2566 posthae
1116 2479 1278 2546 curiosius.

232 2587 304 2658 Fuit
330 2589 427 2676 igitur
454 2594 488 2658 in
510 2591 623 2660 Catulo
651 2615 755 2662 sermo
773 2593 923 2662 Latinus:
953 2615 1034 2683 quae
1063 2595 1137 2666 laus
1159 2592 1281 2662 dIcendi

301 2807 346 2852 133.
373 2809 473 2865 quidem,
488 2810 577 2868 lnquit}
591 2812 688 2867 quidem.

233 2979 396 3048 compendio
409 2979 443 3034 D.
458 2977 479 3033 1.
497 2978 586 3034 duxit.
623 2980 681 3034 Sed
699 2980 805 3036 damni
820 2983 934 3036 intorta
951 2945 1143 3051 exolicandum
1161 2981 1282 3037 ablativo

233 3079 350 3202 1οἰιζιῗιιιιι
365 3071 488 3138 propter
504 3065 611 3120 damni
628 3068 780 3121 inductam.
817 3066 945 3122 Ceterum
963 3065 1085 3138 Aquilia
1104 3069 1172 3138 (uuo
1189 3069 1214 3136 l)
1232 3067 1281 3122 urei

273 3165 287 3202 r
315 3165 417 3204 omnes.

302 3266 418 3324 XXXV.
454 3265 631 3339 Epicureus]
650 3270 818 3341 epicuream
835 3267 885 3342 Lg.
903 3270 929 3328 Β.
948 3271 990 3330 39.
1009 3270 1052 3328 51.
1077 3269 1143 3327 Vat.
1168 3269 1241 3326 Vera.
1259 3270 1281 3325 l.

233 3355 343 3428 exp.·i,·
360 3369 385 3406 v.
402 3351 434 3418 8,
451 3351 493 3407 30.
511 3383 545 3392 -

297 3431 362 3510 133.
399 3451 469 3508 Iam
485 3453 519 3519 Q.
537 3453 669 3522 Calatina]
688 3457 809 3525 iamque
824 3453 950 3512 Cattelas
968 3455 1103 3530 quaedam
1122 3456 1185 3510 edd.
1199 3457 1280 3523 antiq.

234 3542 337 3610 itaque
361 3537 485 3596 Catulus
512 3539 562 3594 Gu.
582 3542 606 3596 1.
623 3570 659 3580 -
688 3541 817 3609 mmmm]
844 3559 978 3598 summae
999 3541 1050 3614 Lg.
1067 3541 1100 3610 8.,
1117 3541 1161 3595 51.
1180 3541 1225 3596 53.
1243 3538 1282 3594 58.

234 3631 355 3692 optatum
378 3625 516 3680 vocabulo
540 3625 682 3695 sequenti3
708 3626 807 3679 menda
830 3626 966 3699 frequens.
987 3656 1023 3669 -
1056 3625 1282 3700 Xenophonteo]

236 3705 463 3778 Xenophonteio
480 3707 529 3779 hg.
550 3726 644 3764 omnes
664 3727 705 3780 pr.
724 3710 785 3778 35„
809 3713 875 3766 item
895 3713 956 3766 Vat.
977 3710 1048 3768 Ven.
1065 3714 1104 3779 l.‚
1128 3713 1251 3766 confusis
1269 3725 1282 3762 e

233 3799 263 3846 et
276 3807 360 3931 suga
376 3800 472 3929 rlrotato
486 3791 603 3849 sortasse
620 3797 639 3851 i.
668 3793 884 3868 Xenophonteo
895 3796 948 3870 Lg.
959 3797 1002 3854 35.
1022 3793 1096 3864 oo.;
1118 3796 1282 3870 canephoro-

237 3882 285 3932 tco
334 3894 359 3933 u.
395 3917 403 3932 .
922 3894 926 3897 ·

303 3977 361 4036 133.
398 3979 533 4050 quidem,
552 3980 662 4052 inquit]
681 3983 780 4052 lnquit
796 3981 889 4036 addidi
904 3981 1002 4054 eng.
1018 3981 1159 4050 omnihus,
1176 3981 1249 4037 Vera
1264 3981 1284 4035 1.

233 4059 291 4144 Ott.
311 4065 355 4120 ed.
366 4081 409 4136 pr.
421 4095 456 4106 -
476 4065 530 4121 sed
547 4063 621 4118 haec
637 4082 706 4120 meo
723 4062 811 4143 calpa
828 4068 883 4136 eet]
901 4066 955 4122 sed
973 4085 1027 4123 nec
1041 4085 1081 4124 m.
1095 4085 1120 4125 e.
1137 4087 1162 4124 e.
1178 4067 1284 4131 Rivius,

232 4145 399 4216 Lambinus,
427 4150 587 4206 Schuetaios
611 4151 747 4222 probante
771 4152 900 4208 Ernesto.
935 4151 1023 4208 Recte
1052 4154 1174 4226 explieat
1195 4151 1286 4208 Bern-

232 4233 336 4306 hardy:
355 4235 407 4302 „hi
426 4253 486 4294 cum
500 4236 589 4290 verba
606 4235 659 4290 recl
676 4234 750 4293 haee
764 4269 795 4282 -
810 4245 843 4298 to
854 4255 962 4300 manaa
978 4239 1150 4298 occiderant
1165 4239 1243 4296 inter
1256 4252 1285 4292 se
