2690 4780
187 457 338 525 BREVlS
360 456 658 538 ELOQUENTlAll
680 457 782 526 ROM.
805 459 914 530 Hlsn
1010 465 1076 536 eb

31 631 204 694 Contionum
221 631 345 694 duarum
366 632 485 694 nomina
506 639 624 695 serrata
644 639 710 694 sunt
731 633 844 696 eteius
867 631 996 713 quidem,
1019 654 1077 714 quo

30 733 154 808 8616666
174 732 333 809 respodit,
361 731 438 794 duae
464 733 629 814 particulae
649 733 842 797 brevissimae
858 731 921 814 (2⁷).
962 733 1076 812 Almrn,

31 849 104 911 qnae
123 833 296 895 inscribitur
316 852 369 910 oro
389 838 536 910 rogatione
551 835 682 910 montio,
704 835 775 896 olim
792 835 918 899 Caesari
939 835 1076 898 dictatori

31 932 226 1007 tribuebatnr;
249 941 294 996 est
314 940 411 995 autem
431 933 487 996 ilia
506 935 626 1014 rogatio
647 934 767 998 Plautia
783 937 906 1017 Papiria
927 936 963 999 de
985 937 1076 999 sociis

31 1036 224 1098 incivitatern
245 1034 435 1096 asciscendis.
466 1035 614 1098 intellexit
634 1036 768 1115 Pighius.
805 1038 967 1100 Praeterea
983 1037 1076 1102 rerba

32 1135 170 1216 quaedam
189 1143 307 1198 exstant
328 1153 366 1196 ex
387 1136 522 1198 oratione
544 1137 622 1214 opud
637 1155 764 1196 comoros
782 1137 886 1200 babila
902 1133 968 1218 (²⁸),
991 1139 1074 1200 cuins

33 1252 115 1298 censa
137 1238 268 1300 stratio
290 1235 371 1298 ultra
389 1245 461 1299 nota
482 1255 540 1300 non
558 1245 619 1312 est;
642 1243 671 1300 et
686 1237 784 1300 facete
804 1237 911 1302 dictum
931 1240 1073 1310 incertum

33 1337 100 1399 unde
120 1341 243 1421 petitum
265 1339 304 1400 sit
319 1332 382 1416 (Ν).

496 1508 523 1592 q.
548 1509 598 1570 ss.
696 1457 698 1460 ⁵

107 1641 252 1722 Aequalis
274 1639 401 1722 Sulpicii
429 1637 533 1704 Cottae
562 1641 701 1705 Caesaris
730 1641 822 1705 Gurio
848 1642 938 1706 sitam
966 1643 1072 1705 ceteris

33 1744 58 1800 et
82 1740 250 1820 longiorem
283 1749 312 1804 et
338 1741 503 1804 feliciorem
528 1743 642 1806 babuit.
684 1741 777 1804 Huius
811 1759 883 1821 gens
911 1742 962 1804 diu
992 1743 1072 1804 intra

33 1850 192 1919 praeturam
214 1843 305 1905 stetit:
335 1843 519 1905 consulatum
540 1852 567 1906 et
588 1843 764 1924 triumphum
784 1844 895 1924 primns
916 1842 1015 1906 intulit
1034 1843 1071 1918 is,

34 1940 133 2023 dequo
156 1943 291 2006 dicimus.
323 1943 488 2006 Nobilitate
504 1953 548 2006 est
569 1953 666 2007 antem
687 1961 737 2018 eo,
760 1944 840 2023 quod
857 1952 917 2006 tres
934 1943 1072 2023 deinceps

34 2051 271 2106 exsecratores
294 2045 395 2122 genuit
412 2039 479 2124 (³⁰):
502 2061 587 2108 arrum
607 2044 801 2125 praetorium,
823 2044 905 2104 ouius
928 2042 1073 2106 Cicerone
1119 2083 1121 2088 ,

33 2160 113 2222 puero
141 2145 253 2208 nobilis
278 2145 430 2208 terebatur
457 2145 556 2208 oratio
580 2163 636 2226 pro
659 2145 725 2208 Ser.
746 2143 851 2206 Fuluio
881 2143 918 2206 de
944 2144 1072 2218 incestu;

33 2252 134 2322 ponem
152 2247 241 2309 hunc
255 2247 440 2309 consularem
462 2253 490 2310 et
505 2245 728 2327 triumphalem
750 2243 841 2306 tilium
857 2243 997 2326 deniqne,
1020 2243 1071 2325 qni

33 2343 139 2423 ingenio
166 2365 294 2423 summo,
324 2347 377 2411 sed
406 2349 536 2430 pessima
561 2347 712 2411 voluntate
742 2345 893 2428 praeditus
919 2347 973 2409 fax
997 2345 1072 2408 belli

33 2445 115 2508 ciuilis
142 2447 404 2512 intercessorem
426 2456 455 2512 et
474 2449 646 2530 Pompeium
667 2448 745 2527 gesti
767 2447 873 2510 dicitur
900 2445 1071 2528 66661661-

32 2542 107 2608 leion
125 2543 189 2628 (³¹).

106 2649 138 2708 G.
160 2650 326 2710 Scribonios
346 2649 378 2710 6.
402 2655 435 2710 F.
459 2651 543 2710 coco
568 2647 653 2712 natus
674 2647 820 2729 putandus
843 2654 887 2712 est
906 2665 984 2711 anno
1005 2647 1070 2712 iere

32 2746 98 2822 636,
120 2757 149 2810 et
166 2757 356 2830 quaesturam
378 2751 508 2830 gessisse
529 2768 593 2813 curn
611 2745 644 2812 G.
657 2748 745 2812 Gotta
765 2768 793 2811 a.
809 2751 888 2825 666,
911 2750 938 2811 si
953 2747 1070 2828 quidem

33 2862 62 2906 ec
86 2867 161 2912 anno
189 2850 322 2913 tribunus
350 2853 422 2928 fuit,
454 2869 513 2933 quo
543 2851 632 2912 etiam
659 2847 747 2912 Gotte
770 2850 803 2910 in
829 2865 865 2910 eo
894 2847 1070 2926 magistratu

33 2945 134 3012 lumrns
156 2957 236 3028 erat,
259 2953 317 3014 nisi
330 2951 503 3032 legeVaria
523 2949 689 3031 postulatus
711 2956 740 3009 et
761 2948 791 3008 in
806 2946 942 3008 exsilium
959 2947 1069 3009 eiectus

35 3057 112 3124 esset,
136 3069 164 3114 a.
180 3053 255 3114 664.
293 3052 423 3116 Eandem
445 3053 590 3116 cntionem
608 3048 700 3113 Curio
720 3048 823 3110 timens
846 3045 1070 3110 6661666116

33 3146 138 3227 legatus
172 3153 205 3214 in
232 3153 387 3217 Graeciam
411 3154 561 3237 proiectus
588 3158 633 3216 est
653 3145 720 3230 (³²),
752 3149 912 3230 utilemque
942 3148 1070 3210 inance

34 3249 200 3317 ltbenarnnn
227 3253 389 3318 obsidenda
416 3263 445 3318 ct
468 3253 626 3318 Nicomede
654 3253 917 3332 Ariobarzaneque
945 3249 1069 3330 regibus

34 3348 125 3415 sobac
135 3354 273 3417 mandato
289 3357 320 3416 in
330 3374 453 3435 regnum
464 3353 639 3418 deducendis
652 3353 864 3436 operambello
875 3350 1016 3431 navarit(
1041 3349 1066 3431 ).

33 3453 230 3472 ξ*-

90 3515 136 3582 nr)
153 3513 287 3572 oracta
302 3517 337 3575 v.
348 3499 410 3575 ‘cco
430 3527 459 3573 6
474 3516 522 3572 vr.
540 3517 650 3573 nero.
737 3516 785 3583 nc)
804 3513 988 3569 varronem.
1005 3511 1026 3565 1.
1041 3512 1066 3568 r.

34 3595 96 3654 Plin.
109 3599 143 3658 Η.
156 3601 192 3656 N.
211 3601 299 3658 nvn.
317 3605 343 3658 d.
431 3603 476 3670 lb)
495 3600 715 3664 (161661166111.
734 3600 765 3666 3,
783 3599 824 3654 75.
859 3597 967 3653 Incerto
985 3613 1067 3668 quae·

35 3680 86 3736 dam
100 3681 225 3742 Caesaris
243 3687 353 3760 collegit
366 3687 500 3761 Meyerns
518 3709 545 3762 p.
558 3689 618 3746 335.
704 3685 749 3754 36)
767 3683 840 3741 Ρ116.
851 3683 885 3739 H.
899 3681 936 3740 N.
951 3682 1011 3738 vll.
1026 3683 1080 3754 ln„

35 3763 71 3834 31)
94 3769 164 3824 Vell.
182 3770 214 3826 11.
234 3771 276 3829 AB.
314 3772 397 3828 (durio
421 3783 501 3844 peter
524 3793 559 3830 ex
577 3771 751 3830 similitudine
775 3771 903 3844 ignobilis
928 3769 1067 3827 cuiusdam

35 3847 160 3910 histrionis
172 3855 331 3913 Burbuleit
346 3867 554 3931 cognomentum
570 3859 722 3914 irrisorium
739 3859 838 3922 traxit,
858 3872 913 3926 quo
930 3855 1021 3924 palam
1039 3854 1067 3908 ln

36 3941 152 3995 contione
170 3943 325 4014 appellatus
342 3951 397 4012 est,
417 3945 485 4000 Sall.
500 3933 569 4000 nni.
588 3943 754 3998 11631166.
791 3940 833 3997 Gi.
846 3939 909 3993 Val.
925 3937 1003 3992 Max.
1019 3935 1066 3990 lx,

38 4017 73 4087 14,
88 4024 111 4080 5.
138 4025 258 4084 Plinii.
272 4027 309 4084 N.
324 4027 385 4085 Vll.
411 4029 520 4086 Rnbnlc
539 4030 575 4084 ad
587 4029 657 4084 Vell.
670 4027 703 4083 11.
722 4045 749 4100 p.
763 4025 822 4080 386.
858 4021 959 4078 Similis
977 4026 1067 4074 autern

36 4113 83 4160 erat
100 4111 218 4166 maxime
240 4110 333 4186 gestu,
359 4116 454 4188 inepto
478 4115 526 4170 illo
552 4123 579 4170 et
600 4113 723 4168 ridiculo.
812 4107 857 4176 32)
885 4105 945 4162 fluv
961 4109 1067 4175 31100161

35 4187 167 4250 lacunosae
183 4197 260 4254 locus
268 4200 379 4258 Asconii
394 4199 430 4261 ad
442 4201 552 4259 Gornel.
563 4217 590 4274 p.
601 4199 642 4256 tc.
653 4195 703 4254 Or.
790 4193 836 4262 33)
854 4191 928 4249 Plut.
942 4189 1011 4246 Sull.
1026 4187 1066 4245 to.

36 4273 139 4350 Appios.
157 4282 182 4340 6.
209 4283 366 4344 11616666.
