2640 4780
266 417 367 492 228
660 413 920 484 CICERONIS

267 608 331 654 non
351 585 457 652 brevis
477 591 511 650 ut
528 583 686 663 laudatio,
708 594 741 650 ut
763 587 864 652 oratio
887 594 990 650 autem
1009 583 1134 664 breuis;
1158 595 1294 673 postrema

269 705 411 773 censoris
434 705 552 781 oratio,
582 723 644 790 qua
668 723 750 769 anno
772 701 1136 790 duodequinquagesimo
1161 723 1233 769 usus
1251 713 1292 766 est.

267 821 302 890 ln
320 821 369 890 his
392 821 535 890 omnihus
555 822 637 887 inest
654 821 780 907 quidam
802 823 871 887 siue
887 821 952 888 ullo
972 822 1043 889 suco
1058 823 1201 888 veritatis
1216 820 1293 887 color.

268 945 342 1028 quin
365 943 459 1007 etiam
477 939 713 1027 comprehensio
736 949 766 1006 et
786 939 918 1006 ambitus
941 940 995 1005 ille
1016 940 1200 1018 uerborum,
1221 941 1244 1003 si
1261 941 1294 1001 sic

268 1056 429 1148 περίοδον
451 1059 604 1146 appellari
625 1059 744 1146 placet,
774 1069 842 1124 erat
870 1059 950 1146 apud
976 1058 1064 1124 illum
1086 1067 1256 1124 contractus
1274 1063 1294 1118 et

268 1177 390 1256 breuia,
419 1187 450 1243 et
476 1180 508 1242 in
536 1176 677 1242 memhra
700 1177 871 1263 quaedam,
902 1197 982 1262 quae
1006 1177 1098 1242 κῶλα
1122 1175 1234 1241 Graeci
1254 1189 1294 1237 uu-

270 1306 359 1374 cant,
391 1295 594 1382 dispertiebat
622 1298 796 1362 orationem
824 1295 991 1361 lubentius.
1044 1293 1116 1359 163.
1150 1292 1218 1359 Ηοο
1242 1291 1293 1356 loco

269 1411 400 1492 Brutus,
429 1411 561 1492 Quando
589 1414 713 1500 quidem
739 1425 773 1480 tu
795 1399 874 1481 istos
900 1423 1060 1492 oratores,
1088 1413 1206 1498 inquit,
1230 1416 1293 1473 tanto

271 1551 366 1619 opere
396 1531 522 1596 laudas
540 1531 656 1598 uellem
686 1531 806 1618 aliquid
832 1534 970 1598 Antonio
998 1541 1125 1619 praeter
1160 1529 1245 1594 illum
1267 1524 1292 1588 de

269 1651 392 1716 ratione
422 1649 546 1714 dicendi
574 1657 652 1716 sane
681 1650 795 1716 exilem
822 1649 980 1727 libellum,
1012 1649 1103 1736 plura
1132 1647 1247 1714 Crasso
1268 1642 1293 1705 li-

269 1765 391 1832 huisset
418 1765 573 1833 scrihere:
604 1787 674 1833 cum
701 1769 784 1832 enim
806 1765 949 1833 omnibus
975 1768 1159 1833 memoriam
1183 1765 1231 1830 sui
1250 1771 1292 1825 tun

271 1887 366 1950 etiam
389 1883 586 1971 disciplinam
608 1885 733 1951 dicendi
746 1887 845 1966 ‘nobis
869 1884 1080 1971 reliquissent.
1125 1903 1200 1948 nam
1220 1879 1291 1945 Scat-

270 2002 363 2068 uolae
391 2003 516 2070 dicendi
544 2001 735 2088 elegantiam
765 2007 842 2069 satis
871 2023 909 2069 ex
936 2005 976 2068 iis
1000 2000 1212 2077 orationihus,
1239 2013 1292 2084 quas

270 2120 410 2206 reliquit,
434 2121 587 2187 hahemus
611 2125 777 2206 cognitam.
822 2119 893 2187 164.
923 2119 963 2186 Et
985 2140 1062 2205 ego,
1092 2119 1178 2186 Mihi
1200 2116 1292 2205 quiden

273 2259 294 2304 a
323 2241 457 2325 pueritia
485 2241 576 2325 quasi
603 2241 757 2326 magistra
786 2240 860 2319 init,
890 2242 1032 2326 inquam,
1066 2238 1126 2304 illa
1154 2241 1191 2304 in
1217 2237 1291 2319 legen

273 2353 444 2439 Caepionis
472 2359 591 2423 oratio:
621 2359 654 2423 in
681 2379 743 2444 qua
771 2368 801 2424 et
827 2360 997 2435 auctoritas
1024 2367 1155 2424 ornatur
1186 2363 1293 2450 senatup

273 2493 334 2560 quo
355 2494 411 2560 pro
435 2475 543 2541 ordine
564 2475 623 2542 illa
644 2476 798 2555 dicuntur,
827 2486 856 2542 et
882 2476 1001 2543 invidia
1023 2478 1201 2542 concitatur
1219 2476 1246 2538 in
1262 2465 1292 2533 iul

273 2589 376 2657 dicum
405 2603 435 2658 et
461 2596 494 2658 in
522 2605 739 2661 accusatorem
762 2594 944 2674 factionem,
968 2604 1077 2660 contra
1104 2613 1233 2680 quorum
1255 2605 1279 2674 p
1280 2621 1290 2690 p

268 2895 379 2967 μορ.
402 2896 580 2970 Caepione(
569 2901 618 2968 (sc.
638 2901 752 2968 oratio);
778 2904 880 2956 taneta
898 2901 947 2968 (sc
972 2917 1031 2952 cum
1051 2899 1266 2969 caepionranaa

273 2981 414 3048 quaedam
425 2985 543 3050 oratio),
566 3001 627 3038 οοιι
646 2983 758 3050 breuia,
781 2993 814 3039 ot
833 2986 976 3039 laudatio
1013 2983 1087 3043 Quid
1109 2985 1227 3039 moverit
1241 2979 1272 3033 Cir

272 3078 383 3132 renem,
397 3073 426 3119 ut
438 3076 564 3122 accurate
575 3079 703 3124 narraret
714 3088 768 3124 une
781 3071 869 3124 editas
880 3083 941 3124 esse
955 3070 1022 3124 duas
1033 3059 1193 3134 orationes,
1211 3077 1271 3136 quari

273 3147 362 3204 altera
376 3167 410 3204 ne
424 3152 533 3206 nomine
547 3155 654 3224 quidem
668 3164 747 3210 tenus
760 3155 980 3212 describeretur?
1002 3155 1087 3208 Recte
1104 3156 1226 3230 explicat
1232 3149 1262 3204 Be

272 3231 377 3304 hardy:
402 3234 573 3301 ,‚tenendu'm
596 3239 705 3295 insertis
731 3241 903 3311 defensione
927 3240 1036 3294 iuncto
1051 3257 1166 3294 causam
1193 3235 1263 3292 contin

273 3333 322 3372 cur
346 3321 435 3373 oratio
458 3337 509 3392 pro
528 3322 670 3395 Caepione
691 3325 779 3380 locum
801 3327 919 3381 medium
945 3334 972 3379 et
995 3324 1151 3396 ambignum
1176 3317 1260 3378 interl

268 3401 413 3458 ¹dationem
428 3413 455 3458 et
471 3405 567 3461 iustam
582 3411 732 3465 orationem
746 3411 899 3483 impleverit
915 3419 942 3464 et
956 3411 1016 3480 pari
1029 3411 1090 3464 iure
1107 3411 1189 3480 quasi
1203 3410 1240 3461 lau

272 3489 320 3543 vel
338 3491 415 3558 quasi
433 3493 523 3547 oratio
542 3489 639 3548 haberi
659 3496 809 3566 potuerlt‘fi
846 3495 995 3550 Fatendum
1013 3503 1104 3548 autem
1125 3503 1169 3549 tot
1190 3489 1258 3548 ahiat

273 3573 349 3626 iuxta
373 3577 478 3644 positos
503 3581 711 3651 negligentioris
737 3599 797 3636 esse
822 3579 1039 3652 compositionis,
1064 3581 1141 3633 cuius
1169 3582 1243 3633 etiam

271 3653 303 3708 in
324 3655 413 3724 Bruto
439 3663 564 3731 exempla
587 3676 777 3734 prostroetnt
807 3666 949 3734 censoris]
974 3669 1112 3718 censoria
1135 3662 1259 3720 Orellius

238 3737 324 3826 091,
336 3739 432 3792 82.
460 3749 635 3815 περίοδον-
605 3753 734 3819 -κιῦλα]
751 3751 920 3807 lihrilatinis
938 3750 1030 3803 literis.
1047 3779 1085 3791 —-
1109 3745 1256 3810 lubentius]

276 3820 393 3880 beatius
408 3825 459 3900 Lg.
478 3829 519 3887 56.

271 2795 392 2865 niciensis
410 2812 571 2883 scripturam
588 2831 605 2866 a
618 2831 648 2868 se
662 2822 816 2885 receptoms
835 2819 881 2868 est
896 2818 987 2868 etiam
1000 2813 1104 2868 Crasso·
1117 2817 1151 2867 in
1167 2699 1289 3024 eonsuqul

345 3959 402 4016 163
436 3967 556 4034 quando
579 3970 709 4040 peridem]
733 3973 774 4026 sic
797 3971 904 4028 divisim
928 3971 979 4044 Ing.
1004 3972 1046 4028 39.
1071 3973 1115 4028 58.
1151 3969 1250 4027 Veni

267 4049 360 4099 annm
384 4051 485 4119 opere]
509 4052 551 4106 ed.
571 4071 613 4123 pr.
638 4064 666 4110 et
689 4058 782 4124 codd.‚
809 4060 832 4113 si
851 4056 1040 4129 Lagomarsini
1063 4059 1177 4112 silentio
1200 4055 1242 4110 hah

269 4123 426 4202 lides,vq>’
448 4133 493 4198 ἕνς
515 4137 606 4192 sedis
625 4140 653 4194 in
672 4143 892 4216 orthographicis
913 4143 1058 4198 enotandis
1076 4159 1135 4198 nou
1155 4145 1243 4213 diligen

269 4226 347 4268 nuum
362 4229 394 4270 se
408 4214 452 4289 laic
464 4219 520 4276 illic
536 4207 854 4298 fassusest,cuma1ras
870 4229 979 4286 minime
993 4245 1124 4302 quaeque
1138 4227 1225 4291 exacui
