2660 4776
201 401 350 474 mbvls
370 401 668 485 acoobtirtrtta
689 401 793 472 ROM.
814 401 922 474 ubst.
1025 405 1082 479 11

21 631 22 634 ,
60 577 116 653 hit,
141 577 286 640 ornatiora
315 581 345 640 et
372 575 540 640 literaticre
566 575 682 640 dicendi
707 593 818 656 genere
844 582 1000 658 reparatus
1021 583 1083 654 erts

20 750 21 754 Ἰ
60 679 149 758 quibus
168 679 255 743 rebus
276 695 341 740 eum
361 693 398 740 ne
414 677 624 742 Demosthenes
646 677 762 759 quidem
775 676 946 742 Gioercnem
966 687 1082 760 aequat,

20 777 21 832 i
58 786 140 842 tamen
154 780 297 859 grauitate
310 779 462 842 fulminum
482 780 513 842 in
529 773 628 842 hoa'tes
649 780 775 844 ciuitatis
794 779 976 844 uibratorum
992 779 1083 858 longa

59 880 139 942 maior
159 888 259 944 orator
280 879 509 955 existimabitur,
536 879 630 944 donec
650 881 784 946 ueritatis
804 897 907 944 sensus
928 879 1008 962 apud
1027 881 1083 944 bo·

60 981 136 1043 minet
154 981 272 1044 valebit.
314 981 452 1046 locorum
473 979 589 1062 quidem
608 980 720 1062 leporis
741 981 933 1056 urbanitatis,
956 997 1033 1062 quae
1052 979 1083 1044 in

61 1079 155 1144 Gracco
174 1082 228 1146 luit
240 1078 294 1162 (⁶²)
314 1083 366 1147 rix
385 1083 480 1146 tenuis
504 1081 648 1162 maedam
668 1083 773 1144 umbra
794 1081 833 1144 ad
853 1099 908 1144 uos
928 1082 1083 1163 pertenire

59 1181 159 1260 potuit,¹
178 1183 303 1248 audonis
327 1184 373 1247 ria
400 1191 429 1248 et
455 1180 609 1246 artificium
626 1177 682 1262 (⁶³)
711 1183 742 1244 in
771 1181 949 1246 audientium
979 1182 1083 1244 auimir

59 1282 187 1345 morandis
221 1284 453 1365 potentissimum
492 1283 624 1364 legentes
655 1283 752 1363 tagit:
791 1281 844 1346 aed
881 1300 918 1345 ex
948 1281 1083 1363 pauculis

59 1380 194 1446 dodonam
218 1383 355 1466 reliquiis
377 1401 414 1446 cc
440 1385 534 1466 spirat
560 1385 674 1463 ingenii
701 1385 854 1448 maturitas
876 1384 1084 1446 sententiarum

59 1481 167 1561 dignitas
193 1486 353 1550 uerborum
380 1485 532 1566 elegantia
562 1484 717 1550 affectuum
748 1503 808 1549 uon
839 1485 1022 1550 mirandam
1055 1492 1084 1548 et

58 1583 154 1648 letibus
171 1586 322 1651 mouendis
344 1586 644 1663 accommodatcrum,
669 1585 723 1649 sed
743 1585 899 1666 andium
925 1592 954 1648 et
973 1585 1084 1648 nobilis

59 1686 186 1750 rumdam
199 1687 413 1768 indignationis
423 1687 660 1768 plenissimorum
674 1687 871 1762 vehementia,
886 1693 927 1760 ut,
945 1686 970 1748 si
986 1685 1085 1750 omnio

59 1783 143 1848 Crassi
165 1797 287 1870 praeter
308 1788 408 1852 diuina
427 1787 483 1850 illa
502 1789 595 1852 rerba
621 1789 652 1850 iu
672 1788 838 1871 Philippum
861 1786 940 1850 diota
959 1789 1084 1866 ignora-

58 1899 156 1961 remus,
190 1897 290 1952 tamen
322 1889 508 1970 eloquentiae
540 1890 691 1954 Romanae
722 1888 880 1952 samnium
912 1886 1084 1953 Ciceronem

57 1985 172 2069 princeps
192 1990 352 2056 rideretur.

125 2087 228 2154 Secula
259 2100 328 2174 post
355 2090 504 2156 Christum
530 2089 625 2152 altero
654 2087 757 2152 Crassi
784 2088 926 2150 memoria
953 2088 1085 2164 exaruit3

58 2200 100 2248 tec
118 2191 188 2252 enim
209 2193 289 2276 apud
308 2193 487 2256 Frontonem
507 2207 562 2254 uec
581 2188 661 2272 apud
679 2189 805 2254 Gellium
826 2189 889 2251 eius
911 2189 1085 2252 mentionem

58 2282 109 2348 leri
130 2291 267 2356 adamus.
311 2294 350 2358 lli
381 2295 457 2356 emim
487 2293 573 2356 nimis
605 2290 730 2355 studiosi
761 2291 947 2372 antiquorum
979 2289 1085 2354 ctdtiut

59 2384 143 2452 Crassi
161 2394 327 2473 ingenium,
349 2395 402 2460 sed
422 2413 476 2458 nec
497 2394 595 2456 multis
617 2391 789 2474 neapolitis
808 2391 961 2454 literarum
981 2411 1085 2456 monu-

58 2493 142 2556 mentis
169 2498 372 2576 consignatum
398 2496 606 2577 negligebant,
634 2493 778 2560 Catonum
798 2493 970 2576 Scipionum
991 2493 1085 2558 Grae-

57 2587 158 2656 tlorum
180 2597 384 2662 admiratores.

511 2759 538 2844 a.
561 2762 612 2824 as.

459 2874 491 2932 1..
508 2874 662 2946 Philippus.

123 2995 249 3064 Summis
283 2997 442 3064 duumuiris
474 2997 519 3060 M.
550 2997 678 3058 Antonio
714 3002 743 3057 et
773 2996 810 3058 1..
844 2991 955 3058 Crasse
988 3003 1087 3082 aetate

57 3097 172 3167 proxime
193 3098 368 3174 accedebat,
398 3098 530 3160 instituto
551 3097 631 3160 ritae
657 3103 687 3158 et
708 3095 912 3177 reipublicae
933 3097 1084 3176 geneum

57 3186 249 3263 dissimillimas
278 3206 343 3262 erat
370 3198 560 3262 motaretur
587 3197 624 3276 Q.
644 3197 679 3261 F.
700 3197 855 3280 Philippus
873 3193 937 3279 (⁶⁴).
979 3198 1088 3262 Paucis

57 3287 118 3357 luno
142 3302 231 3364 annis
258 3303 295 3365 L.
323 3300 434 3365 Crasso
463 3301 604 3363 minorem
629 3299 880 3382 luisseoportet,
915 3301 941 3362 si
970 3299 1088 3380 quidem

57 3405 209 3469 diaetarum
226 3403 321 3484 gessit
340 3421 368 3466 u.
386 3401 450 3467 666
471 3409 514 3479 et,
536 3419 601 3464 oum
617 3419 654 3464 ne
669 3419 723 3464 suo
741 3400 859 3482 quidem
880 3419 957 3464 anno
980 3419 1087 3466 oonsu-

57 3525 247 3556 x..-

112 3627 155 3698 ffl)
181 3633 238 3690 Cic.
256 3633 291 3688 de
312 3630 361 3690 Or.
383 3631 418 3688 ll.
436 3633 483 3700 54,
501 3629 561 3690 220.
649 3629 696 3699 ot)
720 3629 777 3686 cre.
796 3629 877 3686 Brut.
895 3627 944 3698 43,
962 3629 1019 3685 458.
1050 3631 1086 3685 de

58 3700 99 3800 lle.
114 3710 146 3768 ll.
162 3719 209 3786 46,
230 3719 303 3774 166..
374 3720 425 3788 oc)
443 3720 489 3776 De
512 3718 566 3773 hoc
591 3718 700 3788 scripsit
719 3715 850 3772 Bromius
874 3715 935 3785 (dea
953 3713 1087 3784 Brotean)

58 3801 79 3841 ¹¹¹
93 3793 182 3858 histor.
199 3804 282 3859 Acad.
298 3804 386 3871 Paris.
404 3805 455 3860 litt.
472 3805 559 3875 elegg.
576 3803 632 3858 vol.
647 3801 764 3860 XXVll.
783 3820 810 3873 p.
824 3801 878 3872 466
886 3818 944 3872 sqq.
979 3801 1024 3858 De
1041 3819 1088 3858 ce·

58 3879 104 3932 lile
124 3885 178 3942 eius
196 3881 419 3944 manifestarent
435 3888 640 3943 Westermanni
660 3904 736 3942 error
753 3905 779 3957 p.
801 3887 857 3941 too.
876 3904 900 3941 a.
919 3885 971 3940 629
995 3896 1087 3940 matunr

58 3962 228 4048 etistinrontis.
264 3973 327 4033 Quo
345 3974 427 4028 modo
446 3975 517 4028 emim
537 3989 627 4030 omrem
647 3973 701 4026 dici
720 3973 868 4042 potuisset,
887 3987 946 4022 cnm
967 3987 1018 4039 pro
1035 3970 1085 4024 Gn.

56 4040 168 4122 Pompeii
183 4058 262 4114 bocia
274 4059 426 4114 diceret&
441 4057 510 4114 tritt
531 4057 604 4128 quod
623 4065 712 4112 tamen
727 4054 791 4110 ilerl
802 4053 925 4109 videmus
939 4053 997 4107 Cle.
1007 4051 1086 4107 Brut.

57 4126 99 4198 ⁶⁴,
111 4136 179 4208 lim
197 4144 336 4214 quomodo
350 4151 414 4214 post
431 4143 568 4214 repulsam
586 4145 682 4198 consul
698 4139 761 4196 fleri
779 4157 804 4195 a.
818 4138 888 4207 666,
905 4136 1008 4195 scillcet
1021 4154 1088 4209 quta·

59 4217 111 4272 tuor
126 4227 150 4280 a
165 4231 275 4300 triginta
293 4245 381 4286 anuos
397 4229 496 4285 natmt
