2660 4776
252 419 342 497 102
646 417 906 492 CICERONIS
960 406 962 409 ⁵

336 591 387 658 Vl.
410 589 501 671 Scio,
529 594 641 680 inquit,
670 593 710 658 ab
733 595 794 660 istc
816 591 906 659 initio
926 603 1060 660 tractom
1082 611 1156 660 esce
1179 613 1287 662 serne-

251 717 322 780 neni
342 721 435 798 teque
453 707 543 777 Bruti
564 711 720 778 dolentem
739 713 842 777 vicem
863 713 955 798 quasi
975 711 1142 778 deflevisse
1168 711 1288 779 iudicio·

250 849 318 896 rum
343 804 520 896 vastitatem
543 838 574 895 et
594 829 665 896 lori.
707 825 798 908 Feci,
827 831 968 915 inquam,
997 832 1078 896 istuc
1101 829 1241 916 quidem,
1266 839 1289 895 ct

251 967 347 1035 saepo
369 947 465 1014 facio.
508 949 560 1014 22.
582 941 663 1012 Nam
684 946 773 1025 milri,
795 945 905 1026 Brute,
928 949 962 1013 in
981 957 1012 1014 te
1035 949 1166 1014 intuenti
1188 948 1288 1014 crebro

250 1066 284 1131 in
310 1075 442 1132 rncntem
470 1067 556 1132 uenit
575 1067 680 1132 vereri
701 1064 896 1151 ecquodnam
918 1065 1106 1132 curriculum
1129 1065 1290 1152 aliquando

251 1186 291 1250 sit
321 1183 467 1250 habitura
491 1193 546 1248 tua
575 1193 606 1250 et
631 1193 745 1250 natura
773 1181 970 1250 admirabilis
997 1193 1028 1249 et
1058 1186 1217 1270 exquisita
1243 1184 1292 1250 do-

251 1303 353 1368 ctrina
375 1311 406 1367 et
424 1300 595 1385 singularis
617 1301 780 1368 industria.
815 1321 885 1368 eum
900 1304 983 1368 enirn
1005 1304 1038 1367 in
1053 1301 1206 1368 maxumis
1225 1321 1291 1368 cau-

196 1447 204 1464 ·
251 1421 297 1484 sis
322 1427 467 1485 versatus
494 1437 585 1484 esses
612 1428 643 1485 et
670 1439 739 1486 cum
764 1417 823 1485 tibi
845 1430 935 1486 aetas
956 1430 1067 1487 nostra
1087 1423 1151 1486 iam
1173 1417 1294 1486 cederet

250 1535 418 1623 fascesque
447 1539 662 1616 summitteret,
697 1537 800 1604 subito
835 1539 1019 1606 incivitate
1053 1559 1122 1604 cum
1147 1534 1216 1604 alia
1247 1556 1293 1604 ce-

250 1653 404 1732 ciderunt,
431 1663 496 1720 tum
522 1657 617 1722 ctiam
643 1676 684 1722 ca
711 1657 795 1744 ipsa,
824 1656 862 1722 de
886 1675 948 1743 qua
969 1657 1127 1744 disputare
1148 1655 1293 1731 ordimur,

249 1771 430 1858 eloquentia
462 1767 620 1840 obmutuit.
673 1775 726 1842 23.
762 1773 844 1840 Tum
874 1773 945 1852 ille,
978 1772 1162 1841 Ceterarum
1192 1791 1293 1839 rerunt

250 1909 362 1968 causa,
389 1892 504 1977 inquit,
532 1893 613 1959 istuc
639 1901 672 1958 et
700 1892 793 1959 doleo
816 1902 847 1958 et
869 1891 1035 1958 dolendum
1055 1901 1144 1981 put03
1172 1861 1293 1958 dicendi

248 2017 351 2074 autern
372 2029 422 2075 me
444 2023 508 2092 non
528 2019 593 2076 tam
608 2010 727 2098 tructus
749 2020 780 2078 et
795 2009 914 2096 gloria,
937 2024 1030 2096 quam
1046 2009 1181 2076 studium
1196 2013 1294 2098 ipsun

248 2129 492 2214 exercitatioque
522 2128 672 2195 delectat:
706 2127 790 2216 quod
815 2127 891 2194 milui
916 2127 1005 2193 nulla
1030 2147 1083 2194 res
1113 2129 1242 2215 cripiet,
1268 2137 1294 2191 te

246 2247 431 2332 praesentim
467 2255 532 2310 tam
564 2247 715 2314 studioso.
769 2227 800 2312 et
835 2247 917 2311 enim
952 2246 1057 2312 dicere
1089 2244 1173 2312 bene
1205 2263 1294 2311 nenne

246 2370 369 2448 potest,
406 2363 470 2427 nisi
508 2365 560 2450 qui
591 2365 767 2452 prudenter«
789 2363 952 2448 intellegit
1007 2383 1105 2450 quare
1138 2361 1195 2449 qui
1233 2361 1297 2428 elo-

248 2481 393 2564 quentiae
416 2499 511 2546 verae
529 2481 583 2548 det
601 2501 743 2569 operam,
766 2482 819 2548 dat
833 2481 1031 2568 prudentiae,
1054 2501 1174 2566 quana
1191 2497 1295 2546 manu-

247 2597 307 2661 mis
330 2597 453 2682 quidem
475 2600 508 2664 in
523 2582 618 2665 bellis
636 2593 859 2686 aequo'animo
878 2619 988 2666 carere
1005 2596 1171 2685 quisquam
1187 2606 1296 2686 potest.

246 2711 299 2779 24.
326 2713 511 2795 Praeclare,
541 2719 682 2802 inquam,
709 2715 822 2796 Brute,
852 2716 948 2797 dicis3
975 2735 1075 2802 eoque
1102 2718 1209 2802 magis
1240 2717 1299 2781 ista

247 2831 371 2900 dicendi
394 2833 488 2900 laude
512 2833 665 2915 delector,
695 2835 778 2921 quod
800 2843 920 2914 cetera,
942 2853 1023 2920 quac
1046 2844 1118 2901 sunt
1139 2833 1297 2921 quondam

315 3047 363 3106 Vl.
399 3049 440 3104 dd.
475 3051 674 3122 ecquodnam]
699 3051 735 3104 ad
751 3050 822 3104 hanc
839 3050 977 3105 veriorem
993 3051 1157 3122 scripturam
1176 3050 1254 3105 ducit
1271 3054 1297 3100 at

245 3133 397 3206 quodnam
418 3135 445 3189 in
468 3135 519 3207 Lg.
541 3136 679 3202 omninum
705 3135 891 3206 ecquodnam
912 3135 999 3207 ipsum
1018 3133 1114 3192 Ottob.
1142 3136 1298 3206 quodnam

245 3217 298 3274 Gu.
315 3221 339 3274 l.
355 3220 399 3274 ed.
414 3231 457 3290 pr.
482 3221 634 3290 quoddam
648 3220 713 3276 Per.
727 3221 763 3276 D.
782 3253 817 3263 —
843 3223 1010 3290 memte]
1030 3223 1069 3276 siu
1085 3219 1137 3290 lag,
1150 3220 1176 3274 8.
1192 3219 1242 3275 39.
1259 3219 1296 3272 51.

244 3301 287 3358 53.
304 3300 346 3360 58.
360 3304 403 3358 88.
416 3331 452 3344 -
475 3303 639 3377 facetoque]
659 3305 699 3360 eic
715 3305 764 3378 mg.
782 3319 895 3374 omnes,
910 3305 981 3362 Van.
999 3309 1020 3362 l.
1040 3305 1084 3362 ed.
1100 3321 1143 3376 pr.
1157 3333 1194 3346 -
1224 3303 1297 3371 dam]

244 3395 316 3444 tntuc
334 3389 384 3462 Lg.
405 3389 448 3445 68.

312 3474 356 3532 23.
394 3482 560 3534 ceterarum
584 3490 688 3529 reram
711 3476 817 3543 cauea]
843 3477 883 3529 sic
905 3473 956 3545 Lg.
983 3485 1094 3540 omnes,
1122 3471 1196 3527 Veab
1228 3474 1254 3528 l.
1274 3469 1298 3525 i.

243 3558 308 3616 Vnt.
329 3553 386 3616 Ott.
410 3561 454 3616 ed.
473 3575 513 3632 pr.
531 3559 728 3614 Rittershasim
752 3567 780 3614 et
797 3558 913 3614 Beierue
933 3559 1062 3614 delebant
1081 3575 1183 3614 caetea.
1204 3583 1245 3600 ι-
1273 3561 1298 3608 et

244 3645 336 3710 euim]
353 3645 531 3714 interponunt
548 3644 647 3700 ducere
667 3645 710 3700 ed.
727 3661 768 3715 pr.
786 3644 848 3699 libri
867 3659 969 3698 omnes.
1005 3643 1063 3698 Sed
1080 3651 1156 3697 recte
1168 3642 1296 3710 [landino

244 3725 280 3780 de
294 3735 363 3798 pert.
375 3727 444 3782 Lat.
462 3737 480 3782 t.
494 3727 528 3783 ll.
548 3743 574 3800 p.
587 3729 646 3784 545.
666 3731 790 3798 separari
807 3729 868 3782 illae
883 3729 1030 3799 particulae
1046 3727 1297 3800 remotissimorum

242 3811 404 3881 scriptorum
419 3829 480 3868 esse
497 3813 569 3868 dicit.
581 3839 617 3856 κ-
635 3814 790 3885 iatelleqit]
809 3815 850 3868 sle
866 3829 918 3884 per
935 3813 1016 3884 τις.
1029 3813 1054 3866 8.
1067 3813 1110 3867 et.
1133 3811 1210 3866 Ven.
1230 3812 1255 3865 l.
1265 3837 1297 3850 —

242 3900 409 3968 memoraie]
428 3900 469 3954 sic
485 3894 536 3970 [ις.
548 3899 580 3954 8.
600 3897 642 3953 ee
661 3898 705 3954 el,
721 3897 763 3952 53.
782 3897 825 3953 58.
843 3899 886 3954 68.
905 3899 948 3954 70.
974 3897 1046 3952 Ven.
1066 3897 1103 3964 1.,
1128 3895 1173 3950 hic
1192 3905 1298 3967 puncto

240 3983 401 4054 supposito,
418 3985 497 4056 quast
512 3984 631 4037 tuendae
648 3981 742 4054 sigum
761 3997 783 4040 a
795 3985 926 4056 scriptum
944 3983 1026 4054 igitur
1037 3982 1088 4038 fuit
1105 3981 1133 4036 iu
1142 3977 1298 4053 ἀρχετύπῳ

240 4065 303 4122 ttert
320 4059 398 4124 illios.
415 4097 450 4110 -—
476 4069 645 4139 quiequam]
664 4079 716 4123 om.
735 4063 788 4123 Ga.
808 4069 833 4125 l.

308 4151 352 4210 m.
388 4155 487 4225 quiue
505 4155 577 4222 ooo]
596 4156 724 4224 quiem
740 4166 772 4208 ee
790 4153 839 4225 ις.
857 4151 901 4208 20.

308 4233 351 4294 25.
384 4230 671 4307 {cemmeticensium
696 4234 775 4297 codd.
798 4237 853 4296 mei
876 4245 988 4313 praeter
1010 4237 1063 4311 hg.
1086 4233 1131 4295 68.-
1164 4233 1250 4297 ch.
1272 4232 1299 4292 Ξ.
