2644 4774
183 437 187 444 ·
221 439 284 507 nn
307 436 394 505 cic.
416 435 620 506 courum
642 435 733 506 cnr.
750 437 802 504 or.
818 438 870 504 on.
887 412 939 507 33.
1002 439 1102 512 aaa

60 608 96 674 de
107 610 240 674 luctibus
262 565 399 676 &ventis
421 611 632 692 tranquillitati
653 607 790 686 redditis,
814 610 1103 676 consulendus'llrm

60 712 158 776 novius
173 712 260 776 Olore.
276 729 307 794 p.
317 713 391 776 416.
410 711 455 774 od.
466 711 635 776 Frotsclner.
652 711 911 776 etBnenemennus
926 714 957 776 in
966 714 1102 777 Lactant.

60 812 94 874 de
110 813 159 875 lna
176 811 282 878 xvln.
302 815 333 876 8.

137 945 230 1012 xcll.
274 949 345 1010 317.
389 945 622 1024 deflorescentem]
651 963 710 1010 non
734 955 810 1024 tuln,
844 965 908 1010 cum
932 947 1040 1010 Brutus
1068 947 1101 1008 iu

58 1047 150 1110 lorum
170 1049 263 1112 venit:
284 1056 353 1110 tunc
374 1049 450 1110 enim
467 1048 640 1111 Hortensius
661 1048 692 1108 in
712 1049 779 1130 ipso
798 1049 903 1110 aetatis
924 1048 998 1110 flore
1020 1055 1100 1122 erat3

58 1267 81 1312 c.
94 1253 148 1325 71,
163 1251 234 1313 248.
251 1250 272 1313 1.
289 1267 315 1313 3.
331 1257 399 1331 post
411 1249 551 1313 Caesaris
567 1249 763 1325 consulatum,
786 1267 850 1312 cnm
861 1251 969 1313 Brutus
986 1256 1099 1312 sextum

57 1359 85 1412 et
111 1351 295 1428 uicesimum,
326 1348 500 1414 Hortensius
529 1351 802 1434 quinquagesinum
831 1358 965 1416 octauum
994 1369 1100 1414 annum

56 1451 171 1531 agebat.

136 1571 209 1632 318.
250 1589 303 1648 pro
323 1573 368 1628 Μ.
390 1570 535 1648 coruom]
557 1570 584 1632 is
606 1577 635 1632 et
657 1567 709 1634 Gn.
730 1567 892 1634 Dolabella
913 1587 941 1631 a.
964 1570 1025 1632 671
1047 1585 1098 1630 33-

55 1669 146 1731 onsati
167 1677 233 1732 sunt
253 1669 494 1752 repetundarum,
523 1677 553 1734 et
573 1671 621 1733 lic
643 1671 759 1752 quidem
781 1690 800 1734 3
822 1669 854 1735 G.
879 1671 1024 1745 (laesere,
1048 1667 1099 1750 qui

52 1777 156 1852 postea
175 1770 301 1834 dictator
321 1771 386 1834 luit.

137 1909 240 1948 correus
256 1889 373 1966 collino]
396 1904 541 1968 quaenam
560 1887 671 1951 fuerint
691 1905 751 1951 non
767 1893 890 1950 constat.
932 1885 1008 1949 Nam
1028 1903 1097 1960 une,

52 2007 128 2070 qnae
149 1997 221 2052 nota
240 1997 296 2064 est,
320 1989 354 2068 Q.
369 1987 472 2052 Roscii
489 1989 621 2052 comoedi
642 2007 714 2052 sane
735 1990 766 2051 in
784 2005 890 2050 annum
905 1988 969 2050 678
985 1985 1097 2064 incidit,

50 2090 102 2152 sed
123 2091 242 2172 private
262 2097 327 2153 erat
348 2106 402 2153 nec
422 2090 531 2153 nobilis
552 2099 675 2174 propter
696 2091 882 2172 grauitatem.

132 2225 238 2290 XGlIL
282 2227 355 2290 319.
399 2226 565 2304 motorium]
588 2233 669 2288 recte
690 2223 894 2288 animaduertit
913 2219 1096 2300 Bernhardy,

47 2327 222 2390 insolentem
243 2326 380 2392 adiectiri
401 2325 571 2402 dictionem,
600 2344 665 2389 cum
686 2334 838 2408 exspectes
862 2323 1020 2404 genitivum
1041 2339 1095 2383 no-

47 2429 134 2490 minis
145 2437 306 2500 orotosom,
324 2429 367 2492 sic
380 2426 493 2490 denum
510 2435 660 2505 constare,
678 2436 709 2490 nt
725 2427 889 2493 menineris
900 2415 969 2488 ἀπὸ
984 2421 1096 2486 κοινοῦ

46 2529 234 2593 referendum
249 2528 288 2592 ad
304 2537 463 2608 praecepto.
495 2528 530 2592 In
545 2529 642 2592 multis
658 2537 737 2592 certo
752 2527 963 2591 adiectiuorum
978 2523 1095 2588 deriva-

45 2639 145 2694 torum
163 2629 319 2712 exemplis,
342 2646 419 2710 quae
435 2629 573 2708 genitivis
588 2631 735 2694 nominum
752 2630 917 2708 subrogata
931 2625 1095 2699 uideantur,

45 2731 162 2793 nullum
182 2731 250 2794 hnic
268 2731 363 2794 simile
382 2729 498 2795 videtur
518 2739 645 2793 exstare.
687 2733 758 2794 Alia
776 2731 852 2792 enim
873 2746 932 2790 nou
948 2725 1095 2799 obiectivi,

43 2831 99 2894 sed
122 2831 276 2895 subiectiui
296 2849 383 2894 casus
403 2832 586 2913 provinciam
606 2839 737 2906 tuentur,
765 2830 846 2894 uelut
868 2827 949 2887 dolor
969 2831 1095 2902 impero-

41 2937 138 2992 torioa
155 2929 242 2994 Tusc.
253 2931 291 2995 11„
305 2935 424 3008 21182.
447 2933 486 2995 31.
500 2933 679 2996 Garatonnm
694 2931 733 2992 ad
750 2948 793 2993 or.
810 2949 840 3011 p.
849 2927 947 2991 Bello
962 2944 992 3006 p.
1005 2923 1094 2999 205.;

41 3051 151 3092 monere
167 3037 339 3103 oratoriam,
362 3037 620 3111 contemnentium,
641 3035 752 3099 33311113
768 3031 909 3098 aedilitio,
930 3041 1007 3106 quoe
1023 3042 1093 3107 per·

40 3139 160 3212 rogata
190 3141 275 3209 sunt,
309 3140 338 3196 et
369 3132 449 3214 quod
480 3133 634 3196 admistam
665 3131 817 3213 prouerbii
850 3127 1094 3207 significationem

39 3233 151 3311 hehet,
177 3237 326 3311 1333931133
346 3237 531 3312 procinctualis
552 3236 574 3298 i.
595 3251 621 3297 e.
644 3249 721 3314 quae
740 3231 817 3294 solet
838 3246 904 3292 esse
923 3228 1093 3310 prouincia-

38 3335 133 3412 lium,
163 3353 193 3416 p.
222 3335 325 3398 Sextio
350 3333 386 3410 5,
413 3337 463 3398 13.
512 3335 583 3400 Alia
612 3333 750 3398 obiectiri
777 3331 895 3413 quidem
925 3349 1011 3394 cesus
1034 3331 1093 3394 uim

39 3443 224 3511 monstrant,
253 3434 306 3498 sed
327 3435 364 3498 de
384 3453 418 3498 re
439 3435 519 3500 dicte
540 3445 620 3513 sunt,
641 3453 700 3500 non
721 3434 909 3510 delumine,
931 3439 963 3495 ut
983 3435 1092 3492 oculto

38 3541 167 3614 ayrardo
178 3536 294 3602 Dicens.
305 3536 357 3600 XI.
374 3539 432 3612 tl,
447 3537 478 3601 5.
509 3542 672 3617 promocldo
690 3541 853 3614 cocomario
869 3535 891 3596 i.
909 3551 935 3596 e.
953 3539 1092 3614 quaestu·

35 3654 111 3714 rae,
135 3637 340 3703 temlerus.
356 3638 380 3702 1.
402 3641 459 3716 36,
476 3641 527 3702 91.
549 3645 578 3700 et
597 3641 674 3698 cotto
690 3639 854 3710 quomodote
876 3637 931 3711 39,
951 3636 1003 3698 98.
1023 3635 1093 3718 item

36 3739 219 3816 1333333333
246 3745 326 3817 reolo
355 3740 378 3802 i.
407 3758 433 3803 e.
462 3739 566 3818 regiae
592 3736 737 3820 pecuniae
761 3753 791 3816 p.
813 3734 917 3798 Rchir.
937 3735 1019 3798 Post.
1042 3737 1092 3798 10.

32 3839 112 3903 Alia
132 3846 200 3902 sunt
217 3840 483 3904 circumlocutionis
499 3840 576 3903 alias
594 3855 649 3920 per
665 3837 916 3925 praepositionem
932 3837 1092 3910 institutae,

32 3933 128 4005 uelut
146 3939 264 4016 offendo
284 3945 432 4022 conclusis
453 3944 473 4005 1.
491 3959 517 4004 3.
537 3941 570 4003 in
590 3958 678 4022 quam
699 3937 778 4018 apud
798 3927 939 4018 populum
960 3935 1025 4014 quis
1044 3934 1091 3994 in-

33 4046 151 4120 currit,
181 4048 358 4124 concortallo
379 4043 572 4104 decemoirolie
597 4061 623 4105 s.
647 4039 685 4103 ad
708 4037 888 4100 decemuiros
907 4035 989 4096 facta
1009 4032 1089 4122 Rull.

31 4144 74 4208 11.
99 4147 133 4207 3.
151 4145 230 4220 med.
258 4151 288 4207 et
306 4153 409 4225 deora
428 4149 555 4215 sororio,
581 4159 659 4224 quac
686 4145 753 4206 sunt
779 4155 844 4200 cnm
871 4151 975 4200 sorore
998 4133 1090 4210 lacta,

30 4265 66 4328 ιι.
89 4247 199 4314 Sextio
222 4249 242 4312 7
247 4292 258 4328 ,
279 4247 330 4313 16.
372 4245 443 4314 Alia
472 4243 597 4327 donique
626 4238 811 4312 inuenitur
836 4235 917 4318 dicte
939 4241 1026 4316 sunt,
1058 4241 1091 4300 ut
