2640 4780
237 403 340 477 m
628 394 895 468 nicanorus

239 568 418 642 oratoribus
432 565 547 635 Latine
565 577 598 637 et
618 566 788 653 diligenter
806 564 1008 652 loquentibus
1026 575 1210 636 numeratus
1228 578 1285 636 est:

241 691 296 778 qul
320 699 426 756 tamen
447 707 570 754 summa
592 684 758 754 nobilitate
777 684 935 752 bominem
960 687 1151 770 cognatione
1174 686 1286 756 sodali-

239 818 304 875 tate
335 805 474 892 collegio
505 823 627 872 summa
654 805 750 871 etiarn
777 802 959 891 eloquentia
988 799 1026 868 L.
1052 801 1231 892 Philippum
1259 807 1288 870 in

241 923 425 994 consulatus
447 925 597 1012 petitione
623 923 790 1010 superavit.
833 919 954 988 Eodem
974 931 1113 1009 tempore
1141 921 1177 988 C.
1200 922 1288 988 Glau-

242 1043 334 1121 dius,
372 1045 434 1110 etsi
463 1054 590 1132 propter
619 1060 772 1108 summam
805 1038 1002 1108 nobilitatem
1033 1050 1064 1106 et
1099 1041 1289 1126 singularem

149 1250 154 1261 Ι
240 1163 411 1251 potentiam
428 1181 562 1247 magnus
581 1169 664 1238 erat,
684 1169 790 1226 tamen
807 1162 902 1224 ctiam
919 1158 1120 1246 eloquentiae
1136 1159 1288 1245 quandum

150 1254 170 1288 ”³
242 1280 492 1347 mediocritatem
512 1278 674 1346 allerebat.
715 1276 789 1344 167.
811 1274 960 1362 Eiusdem
979 1275 1047 1342 fere
1067 1281 1220 1364 temporis
1239 1277 1290 1342 fuit

243 1418 342 1486 eques
363 1397 523 1465 Romanus
546 1394 581 1462 (l.
598 1394 721 1474 Titius,
743 1397 797 1482 qui
816 1415 887 1462 mco
909 1394 1026 1462 iudicio
1048 1414 1089 1462 eo
1109 1397 1289 1480 peruenisse
1312 1477 1314 1484 Ι

241 1516 384 1594 ridetur,
405 1535 468 1603 quo
487 1517 585 1603 potuit
605 1514 673 1582 iere
693 1511 827 1580 Latinus
850 1523 958 1581 orator
978 1514 1047 1580 sine
1067 1510 1203 1581 Graecis
1224 1514 1288 1580 lite-

242 1635 290 1701 ris
312 1643 343 1700 et
366 1635 435 1700 sine
456 1632 553 1700 multo
574 1651 635 1698 usu
654 1634 829 1720 peruenire.
871 1630 965 1699 buius
989 1631 1152 1698 orationes
1177 1642 1289 1698 tantum

243 1753 451 1838 argutiarum,
479 1761 599 1818 tantum
625 1750 852 1836 exemplorum,
879 1759 999 1816 tautum
1025 1748 1214 1816 urbanitatis
1237 1749 1289 1814 ba-

243 1867 333 1948 bent,
354 1880 387 1936 ut
407 1889 509 1957 paene
531 1865 637 1936 Attico
660 1867 733 1934 stilo
754 1869 890 1956 scriptae
912 1885 985 1933 esse
1003 1865 1178 1932 uideantur.
1219 1887 1291 1934 eas-

244 1986 314 2054 dem
337 1989 478 2073 argutias
506 1989 540 2054 in
560 1986 745 2072 tragoedias
773 1987 852 2054 satis
878 1984 933 2052 ille
955 1984 1081 2071 quidem
1100 1995 1209 2064 acute,
1239 1984 1291 2052 sed

242 2124 353 2194 parum
372 2108 496 2191 tragice
512 2105 680 2172 transtulit.
723 2101 824 2184 Quem
845 2101 990 2170 studebat
1009 2103 1127 2169 imitari
1143 2101 1182 2168 L.
1198 2103 1291 2170 Aira-

241 2225 315 2290 nius
335 2233 446 2311 poeta,
478 2222 572 2290 bomo
599 2225 804 2312 perargutus;
833 2223 866 2288 in
888 2219 1007 2288 iabulis
1036 2221 1163 2308 quidem
1191 2225 1291 2299 etiam,

243 2349 278 2408 ut
304 2343 408 2417 scitis,
437 2339 603 2434 disertus..
632 2340 705 2408 168.
733 2338 803 2408 Fuit
832 2342 928 2408 etiam
954 2337 992 2420 Q.
1014 2337 1153 2407 Rubrius
1183 2337 1292 2418 Varro,

243 2459 298 2546 qui
325 2477 346 2524 a
374 2467 487 2524 senatu
513 2457 612 2525 bostis
646 2479 717 2526 cura
742 2457 777 2527 C.
803 2457 909 2526 Mario
937 2459 1093 2526 iudicatus
1121 2470 1186 2538 est,
1221 2479 1291 2527 acer

244 2585 277 2641 ot
304 2575 474 2644 uehemens
500 2587 676 2646 accusator.
718 2573 756 2644 ln
781 2597 821 2645 eo
850 2597 968 2664 geuene
998 2597 1076 2645 sane
1108 2573 1291 2666 probabilis,

246 2691 356 2762 doctus
390 2704 493 2761 autem
520 2693 653 2764 Graecis
682 2695 784 2762 literis
809 2677 1010 2784 propinquus⁸
1031 2706 1159 2778 noster,
1192 2697 1288 2764 iactus

307 2926 353 2971 166.
381 2925 503 2986 Claudius]
519 2929 620 2972 Clodius.

311 3111 371 3170 166.
412 3111 569 3182 Claudius]
584 3111 706 3170 Clodios
718 3113 800 3170 codd.
814 3123 843 3169 et
858 3115 936 3182 edd,
950 3115 1066 3171 alienum
1079 3117 1114 3171 ab
1127 3116 1176 3171 illa
1188 3125 1288 3181 aetate3

242 3195 384 3253 Ciceronis
395 3198 503 3252 demum
517 3206 640 3269 tempore
655 3200 703 3252 illa
714 3198 802 3254 forma
815 3199 843 3254 in
856 3217 932 3254 usum
945 3201 1030 3256 veuit.
1040 3227 1073 3242 -
1091 3201 1288 3269 nobilitatem]

242 3291 307 3336 ante
325 3281 354 3336 id
372 3286 586 3338 auctoritatem
602 3283 747 3368 inferciunt
765 3284 815 3339 Gu.
829 3287 852 3340 l.
874 3285 939 3342 Par.
955 3285 991 3342 D.

314 3365 372 3422 167.
408 3365 539 3422 eiusdem
555 3391 591 3408 -u
607 3370 765 3442 imperio]
790 3369 902 3425 eisdem
918 3398 954 3413 ·-·
971 3370 1158 3444 imparibus
1180 3371 1231 3445 Lg.
1247 3371 1286 3426 2⁰.

239 3450 307 3507 Por.
323 3450 358 3506 D.
371 3481 406 3492 -
431 3457 551 3506 tantum
569 3454 771 3526 capellarum]
788 3454 886 3508 absunt
903 3455 971 3510 baec
988 3457 1024 3510 eb
1043 3455 1088 3510 ed.
1103 3475 1145 3529 pr.
1161 3488 1194 3499 —
1218 3459 1286 3512 sotis

241 3535 293 3592 tlte
310 3533 442 3608 quidem]
461 3542 538 3593 satie
555 3538 675 3610 quidem
693 3539 742 3593 tlte
758 3537 828 3596 Nor.
856 3541 918 3597 Asc.
938 3550 966 3596 et
980 3549 1048 3598 vett.
1064 3542 1129 3596 edd.
1149 3543 1285 3612 quaedam.

241 3635 264 3675 a.
281 3625 329 3675 tta
346 3621 470 3692 quidem
486 3619 537 3694 Lg.
556 3631 671 3695 praeter
687 3623 728 3679 66.
746 3623 804 3692 65.;
828 3627 856 3680 in
874 3626 917 3684 10.
937 3633 979 3680 est
1002 3631 1060 3681 iste
1077 3627 1215 3697 paridem,
1238 3642 1286 3695 qna

240 3704 375 3772 scriptura
387 3705 460 3762 illius
475 3708 553 3778 origo
569 3709 739 3779 explanatur.
753 3736 787 3753 ·—
804 3713 997 3785 perae-polus]
1010 3718 1177 3785 peracutus
1188 3712 1236 3784 Lg.
1245 3709 1283 3764 ³5·

240 3783 285 3843 69.
304 3785 346 3842 53.
364 3786 407 3844 68.
427 3789 468 3844 70.
483 3820 517 3832 -
542 3799 578 3848 ut
595 3796 691 3863 sollis]
709 3800 787 3850 satta
803 3795 854 3868 Lg.
871 3797 915 3853 20.

313 3871 371 3928 168.
405 3872 529 3946 Aerem]
547 3879 586 3932 ito
601 3879 653 3951 Lg.
666 3879 708 3936 ³5.
721 3879 764 3936 39.
782 3880 823 3935 51.
838 3881 881 3938 53.
897 3882 939 3938 68.
953 3881 997 3938 68.
1015 3881 1088 3936 ch.
1103 3882 1128 3938 1.
1146 3879 1212 3936 Vat.
1227 3893 1282 3933 mor

241 3953 330 4014 Mari
344 3957 433 4016 eidem
451 3971 563 4033 praeter
579 3963 631 4035 Lg.
646 3965 706 4034 68,
727 3965 876 4022 sedetiam
892 3967 919 4022 8.
937 3967 979 4025 76.
997 3997 1032 4008 -
1052 3968 1156 4040 peter]
1174 3974 1282 4040 patrem

241 4043 341 4100 meato
366 4061 463 4102 errore
486 4048 661 4104 librariorum
684 4067 876 4123 praegressum
900 4051 1065 4109 vccabulum
1090 4051 1284 4124 respicientium

239 4125 291 4200 bg.
310 4145 406 4186 omnes
425 4140 538 4202 praeter
554 4149 609 4193 sec.
627 4151 663 4193 m.
681 4133 722 4203 s.;
749 4136 814 4195 item
831 4137 901 4196 Ven.
922 4141 945 4196 l.
964 4138 991 4194 6.
1016 4138 1082 4196 Vct.
1111 4135 1169 4196 (itt.
1196 4137 1242 4192 Ga
1259 4133 1283 4187 l.

240 4209 370 4272 Correxit
388 4211 539 4277 Mmutiua
