2690 4780
188 365 335 434 nunus
356 365 654 449 unocunurmn
676 343 788 438 nou
801 369 910 440 mss.
979 375 1067 448 ras

52 545 125 598 tanen
148 554 202 600 uun
223 517 373 602 Ciceronis
400 539 502 615 modo,
532 541 585 604 sed
614 543 702 605 etiem
727 543 824 619 illius,
855 561 941 624 mem
968 544 1066 608 imita·

52 639 130 712 baur,
158 637 303 702 dissimilis
335 648 408 703 erat.
458 641 524 705 Non
556 644 631 706 enim
662 645 845 706 membratim
875 647 1066 726 compositam

52 739 182 800 orationem
197 741 502 822 comprehensionibus
518 745 769 807 numerosioribus
786 745 994 834 distinguebat,
1014 745 1066 809 sed

53 839 205 902 omniafere
232 843 418 906 breuioribus
444 845 594 906 sententiis
622 844 739 908 dicebat
765 847 978 927 antiquiorum,
1005 863 1066 909 non

53 937 174 1000 cultiorum
200 943 362 1024 exemplum
389 953 572 1008 consectatus
591 942 655 1025 (⁶¹).
699 947 776 1023 Quin
803 947 954 1009 Ciceronis
985 965 1063 1010 com·

53 1039 192 1116 positionem
211 1045 310 1124 palam
332 1053 362 1108 ct
381 1046 476 1108 literis
505 1047 543 1109 ed
562 1049 657 1128 ipsum
678 1046 754 1108 datis
775 1047 991 1128 reprehendere
1013 1065 1064 1110 so-

53 1135 110 1200 lebat
125 1135 181 1218 (⁶²).
221 1145 282 1207 Sed
309 1139 338 1209 et
360 1149 511 1210 orationes
535 1150 597 1210 eius
622 1155 650 1210 et
672 1149 803 1210 carmina
823 1149 951 1226 ingentis
974 1149 1064 1210 animi

52 1239 116 1315 plena
137 1243 222 1306 inisse
249 1245 378 1323 Seneca,
407 1267 492 1328 quem
519 1257 621 1312 testem
648 1249 853 1330 produximus,
882 1251 1061 1330 pronuntiat.

52 1338 77 1400 lit
85 1341 257 1416 Quintilianus
269 1343 327 1427 (⁶³)
348 1349 475 1429 itemque
492 1352 619 1432 scriptor
637 1349 751 1430 dialogi
772 1350 809 1412 de
826 1351 994 1412 oratoribus
1005 1345 1061 1432 (⁶⁴)

53 1455 97 1500 cun
110 1438 238 1509 Cicerone
253 1451 481 1526 consentientes,
501 1451 554 1512 ille
573 1452 605 1512 in
621 1451 746 1530 singulis
760 1451 860 1515 uerbis
879 1451 1060 1514 calumnian-

52 1538 82 1601 dis
94 1545 192 1608 oinium
205 1549 313 1625 fuisse,
325 1551 396 1627 bic,
414 1569 478 1612 cum
494 1553 583 1613 sciret
601 1543 671 1632 qnid
686 1554 717 1614 in
735 1552 904 1633 eloquentie
919 1571 1060 1618 summum

53 1649 115 1718 illel,
139 1649 225 1726 nugis
251 1651 360 1714 ririnrn
386 1653 489 1736 iuppia
517 1671 604 1732 mam
629 1653 780 1716 uoluntate
808 1671 868 1714 non
895 1661 1061 1718 assecutum

53 1757 97 1804 esse
112 1743 212 1810 dicunt:
239 1769 300 1832 qua
320 1747 484 1814 re'iaotum
506 1769 587 1828 esse,
615 1761 648 1815 nt
673 1753 752 1817 haud
773 1753 863 1816 facile
885 1760 1058 1832 assurgeret

52 1858 141 1924 conque
154 1849 374 1928 vehementiam,
397 1871 456 1933 qna
476 1853 633 1935 plurimum
648 1853 744 1935 pollet
764 1853 875 1929 oratio,
895 1869 967 1916 raro
987 1870 1059 1917 con·

52 1953 260 2022 sequestrans
282 1959 396 2028 tamen,
419 1961 451 2014 ut
471 1955 504 2014 in
519 1955 685 2018 Vatinianis
704 1954 887 2016 orationibus
909 1954 997 2014 otiam
1019 1956 1058 2016 ab

51 2041 87 2104 luc
102 2057 174 2126 parte
191 2051 358 2115 laudabiles
381 2053 500 2133 quidam
518 2053 579 2115 loci
598 2053 717 2116 inerint.
754 2053 861 2116 Getero
879 2061 989 2128 eutem,
1010 2055 1058 2115 in-

51 2147 150 2210 ueniendi
177 2155 289 2234 copiam
320 2153 468 2234 probandi
506 2161 534 2216 et
566 2154 715 2217 refutandi
747 2171 868 2216 acumen
899 2153 1057 2218 uerborum

51 2256 188 2313 uenustatem
209 2261 236 2316 et
257 2255 439 2334 elegantiam
460 2274 571 2317 summa
591 2256 622 2318 iu
644 2274 679 2318 eo
701 2252 794 2318 fuisse
816 2253 970 2316 adfirment.
1048 2309 1051 2326 ,

106 2349 173 2413 Inter
193 2363 298 2434 poetas
326 2357 538 2420 obtrectatores
564 2375 623 2420 non
648 2357 762 2419 habuit.
806 2355 953 2437 Quicquid
979 2357 1055 2420 enim

51 2440 73 2503 dc
92 2453 245 2518 carminibus
272 2457 342 2520 eins
361 2457 501 2534 traditur,
529 2477 605 2539 quae
630 2459 746 2520 ludicra
770 2458 914 2539 pleraque
937 2464 966 2519 et
989 2475 1054 2522 curu
1157 2538 1173 2553 ⁸

51 2553 584 2640 anatoriatunepigrammatafuerunt,
598 2557 1001 2640 landisplenesuntomnio(
1028 2557 1052 2638 ).

50 2641 175 2716 Gnrninum
193 2659 353 2740 reliquias,
375 2677 438 2721 cum
461 2659 514 2720 alii
534 2660 565 2722 id
584 2679 685 2722 munus
707 2661 902 2740 susceperint,
924 2678 982 2722 non
1003 2679 1054 2722 re-

50 2757 175 2829 censemus,
204 2759 266 2830 sed,
287 2761 433 2822 actionum
462 2763 604 2822 memoria
633 2759 803 2838 colligenda
829 2761 1054 2838 orationumque

50 2859 100 2920 qnae
113 2861 214 2919 exstant
228 2867 330 2941 partes
346 2859 523 2924 indicandae
539 2868 615 2924 sunt,
646 2860 819 2923 Nonsmulto
836 2859 1053 2940 provectiorem

49 2981 215 3010 N*-

94 3063 129 3132 lil)
144 3067 185 3124 De
198 3075 314 3144 antiquis
327 3094 352 3132 v.
365 3077 421 3132 otc.
435 3071 485 3132 Or.
498 3074 542 3142 oo,
553 3073 612 3130 223.
698 3071 744 3141 62)
767 3069 952 3132 Quinctilii.
968 3070 992 3135 1,
1006 3072 1049 3128 Ἡ.

49 3137 77 3208 ⁶³)
91 3147 267 3226 misoscum,
279 3160 336 3218 115.
354 3160 436 3226 aas.
455 3160 516 3215 nir.
529 3157 627 3226 rc‚11.
714 3155 1051 3226 camaracenses.

48 3221 116 3286 blelir
128 3237 188 3294 illud
200 3245 348 3300 verborum
366 3247 583 3302 cavillandomm
597 3243 716 3300 sordium
727 3243 910 3303 Quintilianus
928 3241 1052 3314 plurimis

47 3306 93 3367 ¹⁰⁰ls
105 3319 179 3378 Caluo
196 3344 250 3382 non
263 3331 404 3384 nominato
423 3333 578 3402 vituperat,
595 3337 625 3384 ut
642 3329 678 3384 X.
697 3329 729 3396 7,
749 3329 790 3386 lt.
811 3365 813 3372 ι
876 3327 922 3396 (iii)
941 3328 1052 3382 Seneca

47 3389 83 3448 lc.
101 3401 146 3458 cu
161 3409 221 3467 niv.
240 3412 303 3467 vu.
317 3415 360 3468 nr.
390 3413 473 3470 oua
487 3417 580 3470 Amor.
595 3413 641 3468 nr.
653 3413 678 3468 u.
704 3413 833 3484 Propere.
852 3413 887 3470 u.
905 3413 948 3466 aa.
975 3413 1050 3470 erun.

47 3473 96 3550 lpp.
109 3486 125 3540 l·
142 3491 177 3546 lo.
201 3495 270 3553 Geli.
288 3498 364 3554 xlx.
384 3500 409 3554 9.
443 3499 481 3556 Et
498 3501 596 3556 Cicero
618 3499 727 3568 quidem
745 3497 962 3569 Hippocen-team
978 3513 1050 3550 mor·

48 3559 167 3656 inclutam,
182 3579 344 3652 Propertius
358 3586 492 3639 amatoria
508 3587 536 3638 iu
551 3583 710 3643 Quintilian
728 3582 964 3647 carminabundat,
985 3579 1049 3636 Gel-

46 3641 80 3701 lrus
99 3657 159 3716 circa
179 3665 311 3722 Catullum
335 3677 363 3723 et
387 3669 502 3724 Calvum
527 3669 652 3740 quicquid
679 3676 822 3724 venustum
848 3677 876 3723 et
901 3669 1049 3740 gratiarum

47 3729 125 3794 plenum
143 3745 252 3819 Rotnani
271 3751 385 3810 Graecis
411 3771 553 3825 opponere
578 3755 685 3825 possint
708 3752 863 3809 effloruisse
888 3755 967 3818 dicit3
994 3771 1049 3822 qua

48 3811 68 3866 di
84 3837 108 3874 re
126 3823 242 3888 versibus¹
262 3825 370 3914 Horatii
388 3839 474 3894 Serm.
494 3840 513 3893 l.
534 3840 581 3906 10,
601 3839 643 3892 20.
671 3838 812 3908 Propertii
833 3838 866 3894 tl.
887 3839 934 3904 19,
952 3837 992 3892 to.
1020 3844 1049 3890 et

47 3895 141 3990 legumini
158 3919 229 3986 apud
246 3919 363 3977 Plinium
382 3923 428 3978 lv.
445 3924 487 3978 27.
512 3924 552 3976 illi
570 3924 707 3976 coniuncti
725 3928 969 3976 commemorantur
995 3934 1048 3970 nec

47 3980 115 4078 dile&
134 4013 209 4056 censa
232 3993 363 4062 orateur
385 4008 569 4081 Heusingerus
594 4008 668 4078 apud
691 4008 810 4062 Plinium
835 4003 856 4058 1.
881 4003 921 4056 lb.
957 3999 1046 4055 Calvo

47 4057 167 4137 Blbcouluru
187 4086 335 4163 subrogare
357 4092 452 4150 vellet.
486 4092 560 4151 Nem
584 4092 613 4148 in
635 4090 776 4150 Bibaculo.
796 4087 962 4146 mordacitas
986 4081 1047 4154 fuit,

80 4159 123 4216 tm
136 4165 265 4242 ingenium
281 4192 339 4233 nou
356 4175 415 4234 luit.
