2640 4780
247 401 340 476 104
643 393 902 465 CICERONIS

255 577 429 646 senectute,
453 575 578 634 utente
602 565 681 648 diri,
709 564 753 634 Μ.
781 565 860 634 [lato
882 564 987 650 legem
1009 563 1148 632 suadens
1169 567 1203 632 iu
1225 561 1288 632 Gul-

251 690 324 756 bam
341 686 438 753 multa
454 685 545 752 dixit:
566 703 659 772 quam
676 687 850 752 orationem
865 686 899 750 in
914 681 1064 769 Origines
1079 703 1158 752 suas
1174 685 1286 762 rettulit,

251 809 361 894 paucis
389 814 476 884 ante,
505 824 599 891 quum
620 813 758 870 mortuns
777 813 826 870 est
844 805 908 884 [un]
932 801 1043 870 diebus
1065 823 1107 868 an
1128 804 1285 872 mensibus.

249 923 303 990 99.
326 921 407 990 Tum
435 925 530 1008 Igitur
554 921 632 989 nibil
656 939 808 990 recusans
830 919 936 988 Galba
962 942 1018 1009 pro
1048 941 1119 988 sese
1142 932 1175 988 et
1195 922 1287 1010 populi

249 1040 383 1108 Romani
412 1039 504 1108 idem
531 1040 702 1128 implorans
732 1059 801 1106 cum
828 1059 904 1106 suos
924 1059 1039 1126 pueros
1067 1049 1130 1108 tum
1155 1037 1191 1106 G.
1216 1039 1287 1106 Galli

250 1162 346 1228 etiam
375 1159 472 1226 lilium
500 1157 579 1226 dens
608 1157 862 1236 commendabat,
891 1159 979 1226 cauus
1006 1157 1126 1224 orbitas
1152 1168 1185 1224 et
1211 1158 1288 1224 fletus

250 1281 328 1345 mire
354 1276 546 1344 miserabilis
572 1277 630 1344 luit
656 1285 780 1366 propter
799 1285 957 1344 recentem
979 1277 1162 1344 memoriam
1187 1275 1290 1344 claris

252 1399 333 1462 sumi
354 1397 468 1482 patrIst
499 1397 588 1481 isque
616 1415 651 1461 se
671 1406 734 1462 tum
757 1398 869 1484 eripuit
889 1394 1015 1461 damma
1035 1404 1161 1482 propter
1179 1414 1285 1482 pueros

251 1512 471 1582 misericordia
489 1513 594 1600 populi
615 1521 785 1593 commota,
806 1516 887 1580 sicut
908 1513 990 1580 idem
1008 1515 1152 1600 scriptum
1171 1513 1289 1598 reliquit

251 1629 343 1698 Cato.
394 1631 496 1718 Atque
524 1633 619 1702 etiem
648 1634 749 1720 ipsum
770 1629 925 1698 Libonem
944 1652 1007 1698 nou
1035 1630 1181 1698 infantem
1203 1631 1289 1697 uideo

250 1749 367 1828 luisse,
395 1759 427 1816 ut
453 1749 709 1819 exorationibus
735 1753 803 1818 eius
825 1750 968 1836 intellegi
988 1759 1099 1838 potest.
1141 1747 1194 1816 91.
1223 1746 1288 1812 Cum

250 1865 331 1933 baec
364 1867 515 1934 dixissem
548 1879 578 1935 ct
604 1869 731 1957 paulum
762 1871 1048 1955 interquievissem,
1080 1865 1164 1946 Quid
1193 1869 1289 1952 igitur,

249 1987 366 2072 inquit,
405 1996 452 2052 est
481 2004 616 2064 causae,
648 1985 778 2066 Brutus,
814 1989 843 2052 si
872 1997 959 2053 tanta
984 1987 1082 2052 virtus
1114 1987 1148 2052 iu
1174 1994 1288 2052 oratore

249 2099 357 2170 Galba
381 2103 454 2179 suit,
482 2125 539 2172 cur
565 2125 608 2171 ca
634 2105 724 2172 nulla
750 2107 782 2172 iu
814 2104 1007 2172 orationibus
1034 2105 1103 2170 eius
1130 2081 1288 2191 appareat

247 2222 334 2308 quod
356 2224 465 2288 mirari
491 2243 555 2288 uon
577 2243 705 2310 possum
731 2225 842 2302 iniis,
870 2225 923 2310 qui
944 2221 1172 2290 nihilomnino
1195 2221 1288 2307 scripti
1310 2247 1311 2268 κ

248 2338 450 2425 reliquerunt.
652 2349 654 2354 ’

335 2453 452 2520 XXIV.
474 2453 541 2522 Nec
562 2460 645 2526 enim
669 2467 718 2525 est
737 2458 867 2537 eadem,
892 2460 1034 2545 inquam,
1059 2455 1177 2535 Brute,
1200 2473 1310 2523 cansa

131 2641 134 2648 ,
251 2592 315 2639 nou
336 2573 496 2640 scribendi
524 2585 554 2642 et
574 2595 637 2643 non
664 2587 729 2644 tom
750 2577 831 2646 bene
857 2576 1015 2644 scribendi
1036 2595 1130 2662 quam
1156 2575 1287 2644 dixerint.

250 2709 323 2756 nam
350 2691 490 2758 videmus
518 2693 600 2760 alios
627 2705 770 2762 oratores
797 2697 911 2761 inertia
939 2693 1017 2760 nibil
1045 2696 1232 2780 scripsisse,
1256 2709 1286 2755 ne

251 2778 439 2884 domesticus
461 2813 556 2877 etiam
577 2811 670 2879 labor
687 2812 853 2880 accederet
875 2814 916 2878 ad
937 2811 1288 2899 forensempleraeque

247 2929 333 2996 enim
360 2928 537 2998 scribuntur
564 2933 726 3000 crationes
747 2929 874 2998 habitae
898 2933 977 3009 iam,
1005 2949 1070 2996 non
1097 2938 1130 2994 ut
1157 2927 1287 2996 habean-

248 3048 328 3129 tur):
371 3047 423 3112 92.
453 3047 535 3114 alios
563 3068 628 3114 nou
655 3048 818 3128 laborare,
847 3059 879 3114 ut
907 3033 1056 3114 meliores
1085 3045 1179 3112 tant:
1213 3043 1288 3111 nulla

243 3265 397 3352 smenon
419 3280 460 3336 ne
481 3281 532 3354 ng.
551 3283 576 3340 s.
594 3283 638 3340 tr.
666 3283 734 3340 ven.
757 3283 780 3341 1.
800 3313 836 3328 -
861 3283 992 3350 metunt]
1020 3282 1060 3338 ue
1076 3277 1129 3351 ng.
1147 3279 1176 3336 a.
1196 3281 1238 3335 su.
1258 3279 1307 3330 nn

249 3379 319 3420 corr.
336 3365 381 3422 51,
397 3395 432 3406 -
457 3373 530 3447 ente
542 3369 644 3437 quem]
664 3371 704 3425 sic
719 3369 829 3426 dlvisim
843 3369 895 3442 Ing.
908 3370 933 3426 8.
946 3369 988 3426 39.
1003 3366 1046 3424 56.
1064 3395 1097 3407 -·
1124 3383 1167 3422 en
1185 3361 1287 3428 etates]

246 3449 346 3506 seclusi
364 3465 404 3506 aa
424 3453 544 3508 sermoni
562 3453 714 3512 adversum

315 3569 359 3624 99.
393 3567 472 3626 ortt!
485 3571 639 3640 recursans]
656 3571 736 3628 ntttt
753 3571 788 3628 eb
805 3571 930 3627 omuibus
949 3568 1027 3624 llbris
1046 3567 1139 3633 abest3
1159 3563 1285 3642 supplerit

249 3669 284 3706 ex
304 3653 418 3708 Valerio
436 3655 560 3710 Maximo
580 3657 650 3712 vttt.
670 3659 738 3726 m.
761 3658 911 3714 Comedus.
928 3686 963 3696 -
990 3653 1130 3727 flemene]
1152 3654 1284 3726 flammat

247 3735 300 3876 {pugi
311 3737 354 3876 {III}
364 3738 427 3876 1529
435 3745 533 3813 erupt't
549 3743 675 3814 flamma
687 3743 729 3800 20.
747 3774 781 3784 -
810 3741 952 3814 iutellepd]
969 3741 1008 3794 sic
1024 3739 1077 3812 Lg.
1090 3739 1114 3793 8.
1127 3738 1169 3793 51.
1196 3737 1284 3812 poteri

294 3839 311 3874 e
343 3837 363 3896 9
428 3865 433 3876 .

316 3921 358 3980 91.
392 3922 658 4000 'interquievissemJ
683 3933 860 4002 quievissem
878 3925 929 3982 Gu.
950 3926 971 3978 1.
987 3956 1024 3989 ,—
1050 3925 1217 4000 apparead]
1242 3925 1305 3994 up·¹

241 4014 336 4083 pared
353 4009 431 4068 cort.
450 4029 544 4067 omnes
563 4022 591 4070 et
610 4015 653 4069 ed.
671 4033 713 4088 pr.
746 4013 876 4072 Correxit
892 4009 1050 4068 Lambinus.

313 4128 415 4184 XXIV.
451 4137 517 4186 tem
530 4131 614 4201 tene]
634 4150 686 4190 om.
701 4134 842 4194 (9.1.-
866 4147 957 4204 quem
970 4129 1115 4199 siluerint]
1134 4131 1224 4204 quast·
1233 4125 1286 4184 dte.

242 4212 288 4270 et.
307 4231 350 4284 pr.
379 4215 520 4274 meretoc
539 4217 589 4290 bg.
608 4218 651 4276 to.
668 4249 703 4262 -
