2644 4774
271 431 440 501 RERUM
462 435 512 504 IN
531 439 702 511 EXPLL.
726 443 939 517 TRACTT.
1044 453 1131 528 451

84 593 116 652 L.
136 596 275 668 Fufidius·
292 607 446 674 praetorius
465 607 521 663 112.

82 678 115 734 1..
136 681 240 754 Fufius
257 687 361 758 Aquilii
379 701 522 748 accusator
539 694 599 752 221.

81 764 122 821 Μ.
140 767 267 827 Faloins
285 773 413 830 Flaccus
433 777 489 834 198.

80 851 113 906 L.
128 852 239 912 Furias
259 855 366 915 Philas
386 862 442 918 108.

80 935 112 992 Α.
133 938 242 997 Furias
259 948 345 1014 polita
363 945 421 1002 132.

82 1173 187 1230 Gentes
202 1179 380 1252 municipales
397 1183 503 1239 Romae
521 1187 626 1243 nobiles
645 1189 735 1246 lactas
751 1190 811 1249 291.
830 1223 865 1234 -
890 1194 1016 1250 Aricinae
1035 1195 1072 1250 rb.
1090 1227 1124 1238 -

109 1259 274 1406 Lanuvinge
297 1265 334 1321 il.
352 1297 388 1340 ··,
411 1269 611 1328 Praenestinae
632 1273 670 1332 il.
688 1306 722 1316 —
748 1275 918 1336 Tusculanae
935 1279 973 1338 tt.
990 1309 1025 1324 -
1050 1280 1126 1340 veti-

110 1354 207 1403 ternac
227 1356 264 1406 i.

77 1427 124 1483 Μ’
147 1431 268 1490 Glabrio
291 1435 350 1490 239.

80 1513 122 1570 Tl.
144 1517 295 1576 Gracchus
314 1519 346 1576 Ρ.
365 1522 396 1577 F.
416 1523 457 1579 79.

78 1598 194 1658 Graeca
210 1605 324 1661 historia
340 1609 357 1662 i.
376 1627 400 1680 q.
418 1610 527 1668 Graece
544 1613 646 1684 scripta
663 1615 705 1670 77.

78 1684 210 1744 Graecae
229 1691 442 1750 declamationes
459 1697 646 1754 Romanorum
663 1700 722 1755 329.

77 1769 219 1830 Gravitas
234 1772 394 1848 verborum,
412 1799 468 1838 non
486 1783 573 1838 solum
592 1783 754 1857 manditas
773 1786 816 1842 35.

70 1990 218 2066 Heqess‘as
236 2007 330 2054 orator
348 1999 406 2056 286.

1 2105 5 2112 -
69 2076 247 2152 Hendiadys
265 2083 308 2140 26.

68 2162 276 2238 Hermayoras
295 2168 390 2224 rhetor
407 2171 467 2228 263.

67 2248 198 2306 Hesiodi
214 2253 314 2308 dictum
331 2255 366 2309 rle
382 2257 524 2314 reddendo
543 2269 659 2331 accepto
680 2261 719 2318 15.
745 2325 747 2330 ,

67 2332 222 2393 Hierocles
241 2347 336 2394 orator
352 2342 487 2398 Asiaticus
506 2343 566 2400 325.

65 2417 130 2475 Hoc
147 2424 286 2494 populare
304 2443 390 2498 genus
408 2428 516 2488 dicendi
534 2430 673 2499 quomodo
691 2431 798 2488 dicatur
815 2432 874 2487 247.
914 2497 915 2504 ¹

65 2504 228 2564 Hortensii
243 2511 375 2564 memoria
392 2513 530 2570 excellens
547 2513 608 2571 391.

65 2588 217 2662 Hysteron
230 2602 375 2668 proteron
392 2597 434 2652 tt.

63 2810 164 2884 lqitar
186 2815 339 2870 orationem
357 2819 384 2870 in
402 2819 474 2871 viam
491 2835 628 2874 rovocans
647 2819 704 2875 177.

63 2895 118 2950 Ille
137 2913 192 2968 per
210 2899 395 2956 inversionem
414 2905 599 2975 praepositum
618 2903 675 2966 126.

62 2980 207 3038 Illastrla
225 2985 325 3040 dicere
344 2987 509 3057 explicatum
530 2989 587 3046 123.

62 3066 257 3140 imparilitas
277 3080 428 3143 temporum
448 3072 490 3128 35.

60 3152 288 3228 Imperatorlas
307 3156 388 3210 labor
407 3157 467 3212 319.

59 3239 97 3294 In
115 3240 213 3312 leqem
231 3239 330 3295 elicere
354 3240 461 3296 loo-
485 3245 519 3298 in
535 3257 596 3312 qna
613 3248 714 3298 aetate
732 3261 788 3298 non
806 3243 877 3299 idem
895 3243 970 3316 qnod
987 3257 1047 3315 aaa
1064 3263 1111 3302 ae·

92 3331 159 3380 tate
178 3323 237 3379 169.
255 3353 289 3364 -
315 3328 347 3379 in
363 3343 450 3382 snam
468 3327 594 3383 tutelam
610 3333 711 3385 centra
729 3329 787 3384 195.

58 3409 225 3466 Inclinatio
243 3411 322 3464 vocis
342 3410 399 3466 158.

57 3493 223 3550 Incladere
243 3494 429 3549 adversarium
449 3495 508 3552 323.

55 3579 95 3634 ab
115 3579 234 3650 Inferis
251 3583 383 3634 excitare
401 3581 532 3638 translate
550 3583 649 3637 dictum
667 3583 728 3638 322.

54 3665 219 3737 Inllectere
236 3671 266 3718 et
282 3666 429 3721 inclinare
449 3668 601 3724 orationem
618 3669 681 3738 qaid
697 3668 739 3724 38.

54 3749 164 3805 Instar
182 3753 316 3804 omnium
334 3768 408 3820 esse,
427 3753 529 3808 decem
545 3755 692 3820 millium,
710 3763 826 3812 sentam
841 3756 970 3814 millium
991 3758 1048 3814 191.

53 3835 87 3891 Is
106 3841 175 3906 post
193 3839 248 3905 qai
265 3833 460 3900 ἇνακολούθως
476 3839 610 3912 ingestum
625 3841 686 3896 258.

52 3919 213 3976 leocrates
233 3921 331 3976 sollers
348 3925 477 3996 magister
494 3925 554 3983 294.

52 4005 141 4061 Istae
163 4005 194 4058 in
209 4003 299 4061 Bruto
318 4007 418 4063 lectum
434 4009 477 4066 23.

51 4091 107 4148 Ita
126 4093 145 4146 i.
165 4107 193 4160 q.
212 4109 247 4145 ea
263 4092 326 4164 lege
345 4093 401 4148 195.
414 4123 450 4138 -
474 4099 521 4152 ita
538 4093 666 4152 breviter
682 4097 782 4152 dictum
799 4097 918 4171 elliptice
937 4095 993 4152 197.
1009 4123 1045 4140 μ-
1062 4096 1108 4150 ita

25 4201 34 4216 ·
87 4191 169 4241 non,
190 4179 236 4230 tta
251 4177 349 4234 nullas
368 4179 427 4235 217.

53 4260 224 4318 ladicialis
242 4277 337 4321 annas
354 4264 491 4338 Pompeio
508 4265 617 4324 tertium
635 4267 826 4326 consulenti.
