2646 4772
137 419 139 424 .
246 354 343 432 oon
428 448 432 456 ¹
568 351 964 426 sxunrcnmcucs

245 530 404 588 Mammiae
420 532 543 591 vocatur
554 527 759 592 Atellanarum
774 517 917 628 scriptor,
938 527 1114 610 praesertim
1133 543 1192 591 eum
1206 529 1273 610 apud

244 629 431 694 Macrobiuru
456 635 524 710 post
544 629 580 692 L.
602 629 794 710 Pomponium
814 630 1028 692 Bononiensem
1049 629 1154 696 Sullae
1176 647 1272 710 aequu-

244 730 303 792 lem
327 737 468 810 ponatur,
500 729 532 787 0.
559 733 727 790 Memmium
756 747 836 806 esse,
867 732 919 812 qui
949 748 1013 794 cum
1041 731 1178 793 Lucretio
1203 732 1273 806 unit,

245 829 352 894 dudum
379 829 458 892 docti
477 827 626 892 uiderunt:
653 831 708 892 etsi
735 832 851 892 minimo
871 832 936 894 ueri
960 831 1056 894 simile
1081 826 1147 892 esse
1167 831 1274 893 eunden

244 939 333 1012 atque
351 929 383 994 0.
401 931 570 994 Memmium
590 930 751 994 Gemellum
764 933 960 1013 praetorium,
982 934 1033 1014 qui
1050 939 1275 994 commemoretur

244 1051 269 1096 c.
288 1035 344 1108 70,
361 1033 439 1094 247:
470 1031 496 1092 is
525 1031 601 1092 euim
621 1031 790 1105 [66606666
811 1034 959 1092 litorosum
980 1037 1153 1093 Lutduurmo
1174 1033 1275 1094 dicitur.

328 1131 483 1209 usmetbr]
505 1133 625 1212 parcior
647 1133 818 1207 uerborum,
847 1133 991 1210 bbodtper.
1033 1133 1068 1196 ld
1089 1141 1154 1216 crat
1173 1135 1203 1196 in
1221 1135 1276 1214 pri-

144 1285 149 1294 .
243 1235 297 1296 mis
326 1235 507 1307 Stoicorum
536 1251 566 1296 u·
595 1233 679 1295 Brut
702 1235 761 1308 til,
786 1236 857 1296 120.
900 1233 1013 1308 „Haud
1033 1227 1170 1296 'multum'
1190 1233 1276 1310 distat,

244 1334 323 1418 quod
339 1333 505 1416 perplacuit
520 1333 670 1409 Ciceroni,
692 1325 820 1412 musas,
840 1343 939 1416 aptum
955 1334 1030 1398 illud
1048 1336 1190 1410 orationi,
1211 1323 1277 1418 quae

242 1435 317 1498 nibil
344 1435 525 1516 pronuntiet,
554 1437 626 1516 quin
654 1434 730 1498 ad
721 1453 817 1516 ipsam
843 1453 906 1498 rem
932 1437 1087 1518 pertineat
1129 1437 1278 1518 Utrumque

242 1537 338 1599 iunxit
357 1535 470 1598 Plinius
492 1535 568 1616 Epp.
590 1535 641 1598 111
666 1537 812 1612 18,10.;
838 1539 887 1619 qui
912 1537 986 1600 alibi
1007 1538 1146 1620 opposuit
1170 1536 1278 1614 offiium

242 1635 562 1710 sttom1.20,20.“
603 1636 781 1709 muudum.

327 1740 378 1816 sp.
396 1736 504 1813 Added]
525 1743 648 1818 propter
665 1737 834 1801 coniunctos
850 1735 981 1798 homines
996 1753 1062 1798 eum
1079 1753 1146 1798 esse
1163 1686 1279 1818 oportet,

241 1838 293 1920 qui
315 1837 497 1900 consulatum
514 1838 608 1916 gessit
629 1855 656 1898 o.
670 1839 749 1912 606,
771 1853 830 1898 uon
850 1853 930 1912 eum,
953 1837 1004 1917 qui
1025 1855 1052 1898 a.
1070 1839 1150 1911 644,
1172 1843 1280 1918 etpost

240 1940 310 2018 lege
326 1937 463 2000 Mamilia
483 1937 615 1999 sublatus
638 1945 682 2018 est
703 1955 766 1999 oum
788 1938 908 2013 ceteris,
930 1939 982 2018 qui
997 1936 1160 2016 Iugurthae
1177 1937 1280 2001 funsse

239 2038 422 2104 ridebantur.
466 2038 518 2102 Sic
544 2040 620 2100 enim
648 2047 760 2100 aetates
786 2039 892 2101 borum
916 2039 1038 2100 babent:
1067 2039 1104 2100 L.
1129 2039 1280 2101 Mummius

241 2159 310 2204 cos:
325 2159 352 2202 a.
371 2140 450 2213 608;
479 2137 515 2215 Q.
537 2140 695 2221 Pompeius
724 2159 752 2201 a.
771 2141 847 2214 613;
874 2141 918 2202 Μ.
938 2137 1069 2221 Lepidus
1097 2158 1124 2200 a.
1147 2142 1225 2214 tili·
1252 2139 1280 2202 0.

239 2242 423 2323 Popiliusu.
444 2241 523 2315 622;
552 2239 584 2304 0.
607 2239 770 2302 Tuditanus
794 2259 821 2302 e.
840 2240 919 2314 625;
945 2241 982 2302 L.
1002 2240 1143 2302 Aurelius
1164 2241 1282 2304 Orestes

240 2345 359 2406 6628.
401 2341 512 2404 Horum
535 2349 699 2423 postremus
720 2340 833 2404 Sardos
857 2339 985 2404 rebelles
1007 2342 1140 2421 subegit.
1170 2361 1200 2406 v
1222 2343 1282 2406 Lis.

240 2445 310 2525 epit
330 2443 395 2506 LX.

323 2542 375 2604 05.
416 2545 450 2600 Ρ.
475 2542 613 2620 Popilius]
647 2543 718 2606 ciris
747 2542 886 2622 egregius
911 2549 1050 2618 vocetur,
1079 2541 1161 2624 quod
1189 2543 1282 2605 socios

239 2641 286 2704 Ti.
299 2642 424 2705 Gracchi
438 2642 573 2722 proximo
589 2661 665 2704 auno
680 2639 827 2704 interlecti
844 2642 1002 2705 crudeliter
1018 2645 1180 2726 oppressit3
1200 2661 1282 2726 quam

239 2744 278 2807 ob
303 2759 366 2805 rem
399 2742 432 2806 0.
456 2743 604 2806 Gracchus
628 2744 726 2822 legem
755 2761 838 2805 suam
863 2739 1176 2827 Semproniun'quosi
1195 2746 1282 2827 prini-

236 2846 348 2925 legium
370 2845 495 2906 maxime
522 2845 553 2907 iu
574 2846 650 2906 bunc
676 2845 743 2906 tulit
762 2840 941 2926 effecitque,¹
958 2853 991 2907 ut
1011 2854 1116 2927 sponte
1142 2847 1283 2909 abiretin

236 2946 381 3008 exsilium.
415 2978 459 2988 -—
492 2945 522 3003 0.
553 2948 738 3023 Seueproutus
769 2947 929 3006 Tudttm
958 2963 1056 3009 rerum
1087 2947 1285 3011 Romanorum

236 3047 330 3109 libros
351 3046 528 3126 composuit,
550 3046 618 3107 item
640 3047 863 3126 magistratuum
883 3047 994 3123 libros,
1015 3066 1142 3129 quorum
1163 3051 1285 3112 Macro·

236 3148 302 3209 bins
320 3155 348 3208 et
360 3146 471 3208 Gellius
488 3148 686 3209 meminerunt.
720 3145 839 3213 Notavit
854 3148 1003 3227 Meyerus.
1024 3181 1067 3191 -
1089 3155 1136 3208 Μ.
1153 3153 1285 3210 ootuotu

236 3248 283 3310 Ti.
308 3247 431 3310 Gracchi
460 3245 491 3306 iu
517 3248 666 3310 tribunatu
697 3248 816 3328 collega
845 3267 908 3310 eom
936 3253 1227 3328 introducerem,
1258 3257 1287 3310 ut

234 3345 425 3410 intercedenti
455 3348 634 3411 Gracchanis
665 3349 784 3428 legibus
813 3350 1001 3428 magistratus
1027 3352 1210 3431 pestribus
1239 3352 1287 3412 ub-

234 3457 408 3529 rogaretur:
437 3449 494 3510 boc
522 3457 618 3511 auteur
645 3451 755 3531 ipsum,
783 3451 920 3528 neglecta
940 3457 1072 3532 potestas
1093 3459 1289 3516 sacrosancta

126 3613 127 3618 ,
234 3552 431 3624 tribunorum,
459 3550 621 3613 Gracchum
647 3552 828 3630 suspitio.
857 3553 915 3614 rim
942 3552 1006 3613 eius
1029 3551 1213 3618 debilitaris
1257 3553 1288 3617 V·

234 3651 392 3713 Ascordum
413 3651 444 3710 iu
467 3649 556 3713 Gonu.
578 3671 607 3734 p.
631 3655 681 3716 71.
704 3684 746 3698 »-
764 3652 810 3716 De
832 3657 876 3714 M.
891 3653 1008 3732 166106
1028 3657 1160 3715 Porcina
1182 3655 1290 3719 dictum

233 3751 266 3812 iu
285 3749 423 3831 prolegg.
447 3747 475 3831 §.
499 3753 549 3812 17.

319 3851 370 3913 96.
414 3850 560 3910 cuborum
592 3852 814 3930 comprehensio]
850 3859 999 3915 mructura
1034 3861 1064 3916 et
1101 3850 1289 3918 concinnitas

233 3950 436 4034 periodorum
465 3968 530 4012 eom
549 3959 648 4012 tomen
669 3953 765 4034 ipsum
787 3954 824 4015 ob
844 3953 901 4016 illo
921 3963 1020 4017 aetate
1041 3955 1179 4020 alienam
1202 3971 1289 4037 saepe

233 4053 345 4116 iudicat
375 4050 491 4115 Cicero.
540 4053 657 4126 Artifex
688 4056 772 4114 stitus
803 4055 894 4136 paulo
928 4057 1083 4118 obscurius
1118 4059 1289 4142 explicetur

235 4151 480 4242 aBernbardyo‚
500 4159 637 4236 spectare
660 4169 724 4217 eum
747 4155 785 4218 od
806 4149 990 4238 diligentium
1010 4159 1120 4242 bepidi
1142 4157 1289 4242 gravissi-
