<?xml version="1.0" encoding="UTF-8"?>
<!DOCTYPE html PUBLIC "-//W3C//DTD XHTML 1.0 Transitional//EN"
    "http://www.w3.org/TR/xhtml1/DTD/xhtml1-transitional.dtd">
<html xmlns="http://www.w3.org/1999/xhtml" xml:lang="en" lang="en">
 <head>
  <title>
</title>
<meta http-equiv="Content-Type" content="text/html;charset=utf-8" />
  <meta name='ocr-system' content='tesseract 3.04.00' />
  <meta name='ocr-capabilities' content='ocr_page ocr_carea ocr_par ocr_line ocrx_word'/>
</head>
<body>
  <div class='ocr_page' id='page_1' title='image "./brutussivedecla00cicegoog/brutussivedecla00cicegoog_0270.png"; bbox 0 0 2674 4782; ppageno 0'>
   <div class='ocr_carea' id='block_1_1' title="bbox 228 370 904 451">
    <p class='ocr_par' dir='ltr' id='par_1_1' title="bbox 228 370 904 451">
     <span class='ocr_line' id='line_1_1' title="bbox 228 370 904 451; baseline -0.013 -2"><span class='ocrx_word' id='word_1_1' title='bbox 228 373 329 449; x_wconf 63' lang='lat'><strong>”50</strong></span> <span class='ocrx_word' id='word_1_2' title='bbox 616 370 878 442; x_wconf 76' lang='lat' dir='ltr'>CICERONIS</span> <span class='ocrx_word' id='word_1_3' title='bbox 902 441 904 451; x_wconf 81' lang='grc'>,</span> 
     </span>
    </p>
   </div>
   <div class='ocr_carea' id='block_1_2' title="bbox 220 527 1333 2998">
    <p class='ocr_par' dir='ltr' id='par_1_2' title="bbox 226 527 1276 970">
     <span class='ocr_line' id='line_1_2' title="bbox 227 527 1276 632; baseline 0.001 -18"><span class='ocrx_word' id='word_1_4' title='bbox 227 543 353 632; x_wconf 83' lang='lat' dir='ltr'><strong>seriptis</strong></span> <span class='ocrx_word' id='word_1_5' title='bbox 385 539 479 606; x_wconf 90' lang='lat' dir='ltr'><strong>etiam</strong></span> <span class='ocrx_word' id='word_1_6' title='bbox 510 539 579 628; x_wconf 88' lang='lat' dir='ltr'><strong>ipse</strong></span> <span class='ocrx_word' id='word_1_7' title='bbox 610 527 757 623; x_wconf 81' lang='lat' dir='ltr'><strong>interlin,</strong></span> <span class='ocrx_word' id='word_1_8' title='bbox 791 561 862 610; x_wconf 87' lang='lat' dir='ltr'><strong>cum</strong></span> <span class='ocrx_word' id='word_1_9' title='bbox 895 561 1000 612; x_wconf 86' lang='lat' dir='ltr'><strong>ossam</strong></span> <span class='ocrx_word' id='word_1_10' title='bbox 1033 544 1116 632; x_wconf 87' lang='lat' dir='ltr'><strong>apud</strong></span> <span class='ocrx_word' id='word_1_11' title='bbox 1146 543 1276 614; x_wconf 80' lang='lat' dir='ltr'><strong>Aelium</strong></span> 
     </span>
     <span class='ocr_line' id='line_1_3' title="bbox 228 660 1276 748; baseline 0.001 -17"><span class='ocrx_word' id='word_1_12' title='bbox 228 663 416 732; x_wconf 83' lang='lat' dir='ltr'><strong>adolescens</strong></span> <span class='ocrx_word' id='word_1_13' title='bbox 443 679 575 746; x_wconf 85' lang='lat' dir='ltr'><strong>eumque</strong></span> <span class='ocrx_word' id='word_1_14' title='bbox 602 660 711 728; x_wconf 88' lang='lat' dir='ltr'><strong>audire</strong></span> <span class='ocrx_word' id='word_1_15' title='bbox 741 661 939 748; x_wconf 80' lang='lat' dir='ltr'>perstudiose</span> <span class='ocrx_word' id='word_1_16' title='bbox 961 662 1107 732; x_wconf 84' lang='lat' dir='ltr'><strong>solerem.</strong></span> <span class='ocrx_word' id='word_1_17' title='bbox 1153 661 1276 732; x_wconf 81' lang='lat' dir='ltr'><strong>Cottam</strong></span> 
     </span>
     <span class='ocr_line' id='line_1_4' title="bbox 227 781 1276 884; baseline -0.001 -33"><span class='ocrx_word' id='word_1_18' title='bbox 227 792 329 850; x_wconf 91' lang='lat' dir='ltr'><strong>autom</strong></span> <span class='ocrx_word' id='word_1_19' title='bbox 350 781 448 847; x_wconf 90' lang='lat' dir='ltr'><strong>miror</strong></span> <span class='ocrx_word' id='word_1_20' title='bbox 468 799 618 846; x_wconf 86' lang='lat' dir='ltr'><strong>summum</strong></span> <span class='ocrx_word' id='word_1_21' title='bbox 639 781 739 884; x_wconf 75' lang='lat' dir='ltr'><strong>ipsum</strong></span> <span class='ocrx_word' id='word_1_22' title='bbox 756 789 913 851; x_wconf 89' lang='lat' dir='ltr'><strong>oratorem</strong></span> <span class='ocrx_word' id='word_1_23' title='bbox 932 782 1119 870; x_wconf 87' lang='lat' dir='ltr'><strong>minimeque</strong></span> <span class='ocrx_word' id='word_1_24' title='bbox 1138 783 1276 871; x_wconf 87' lang='lat' dir='ltr'><strong>ineptum</strong></span> 
     </span>
     <span class='ocr_line' id='line_1_5' title="bbox 226 894 1198 970; baseline -0.002 -2"><span class='ocrx_word' id='word_1_25' title='bbox 226 900 382 968; x_wconf 72' lang='lat' dir='ltr'><strong>Aelianas</strong></span> <span class='ocrx_word' id='word_1_26' title='bbox 403 894 484 966; x_wconf 86' lang='lat' dir='ltr'><strong>lev&#39;is</strong></span> <span class='ocrx_word' id='word_1_27' title='bbox 510 897 724 966; x_wconf 86' lang='lat' dir='ltr'><strong>oratiunculas</strong></span> <span class='ocrx_word' id='word_1_28' title='bbox 744 897 885 966; x_wconf 87' lang='lat' dir='ltr'><strong>uoluisse</strong></span> <span class='ocrx_word' id='word_1_29' title='bbox 906 895 1089 970; x_wconf 82' lang='lat' dir='ltr'><strong>existumari</strong></span> <span class='ocrx_word' id='word_1_30' title='bbox 1109 921 1198 968; x_wconf 85' lang='lat' dir='ltr'><strong>suas.</strong></span> 
     </span>
    </p>

    <p class='ocr_par' dir='ltr' id='par_1_3' title="bbox 220 1014 1333 3061">
     <span class='ocr_line' id='line_1_6' title="bbox 310 1014 1277 1086; baseline 0.001 0"><span class='ocrx_word' id='word_1_31' title='bbox 310 1014 404 1086; x_wconf 89' lang='lat' dir='ltr'><strong>LVll.</strong></span> <span class='ocrx_word' id='word_1_32' title='bbox 444 1015 502 1084; x_wconf 88' lang='lat' dir='ltr'><strong>His</strong></span> <span class='ocrx_word' id='word_1_33' title='bbox 534 1016 655 1084; x_wconf 89' lang='lat' dir='ltr'><strong>dnobus</strong></span> <span class='ocrx_word' id='word_1_34' title='bbox 689 1017 830 1084; x_wconf 90' lang='lat' dir='ltr'><strong>eiusdem</strong></span> <span class='ocrx_word' id='word_1_35' title='bbox 865 1020 979 1084; x_wconf 86' lang='lat' dir='ltr'><strong>aetatis</strong></span> <span class='ocrx_word' id='word_1_36' title='bbox 1011 1019 1277 1086; x_wconf 80' lang='lat' dir='ltr'><strong>annumerabatur</strong></span> 
     </span>
     <span class='ocr_line' id='line_1_7' title="bbox 225 1133 1276 1224; baseline 0 -20"><span class='ocrx_word' id='word_1_37' title='bbox 225 1157 316 1205; x_wconf 88' lang='lat' dir='ltr'><strong>nemo</strong></span> <span class='ocrx_word' id='word_1_38' title='bbox 349 1136 479 1206; x_wconf 87' lang='lat' dir='ltr'><strong>tertius:</strong></span> <span class='ocrx_word' id='word_1_39' title='bbox 515 1135 573 1204; x_wconf 87' lang='lat' dir='ltr'><strong>sed</strong></span> <span class='ocrx_word' id='word_1_40' title='bbox 604 1133 680 1202; x_wconf 90' lang='lat' dir='ltr'><strong>mibi</strong></span> <span class='ocrx_word' id='word_1_41' title='bbox 711 1133 858 1224; x_wconf 79' lang='lat' dir='ltr'>placebat</span> <span class='ocrx_word' id='word_1_42' title='bbox 888 1133 1078 1224; x_wconf 80' lang='lat' dir='ltr'><strong>Pomponius</strong></span> <span class='ocrx_word' id='word_1_43' title='bbox 1111 1157 1276 1217; x_wconf 85' lang='lat' dir='ltr'><strong>maxumo;</strong></span> 
     </span>
     <span class='ocr_line' id='line_1_8' title="bbox 224 1251 1277 1342; baseline -0.002 -18"><span class='ocrx_word' id='word_1_44' title='bbox 224 1255 276 1324; x_wconf 88' lang='lat' dir='ltr'><strong>vel</strong></span> <span class='ocrx_word' id='word_1_45' title='bbox 304 1255 422 1336; x_wconf 81' lang='lat' dir='ltr'><strong>dinam,</strong></span> <span class='ocrx_word' id='word_1_46' title='bbox 449 1254 575 1320; x_wconf 90' lang='lat' dir='ltr'><strong>minimo</strong></span> <span class='ocrx_word' id='word_1_47' title='bbox 604 1253 801 1342; x_wconf 82' lang='lat' dir='ltr'><strong>displicebat</strong></span> <span class='ocrx_word' id='word_1_48' title='bbox 851 1251 957 1322; x_wconf 85' lang='lat' dir='ltr'><strong>Locus</strong></span> <span class='ocrx_word' id='word_1_49' title='bbox 988 1265 1070 1324; x_wconf 83' lang='lat' dir='ltr'><strong>erat·</strong></span> <span class='ocrx_word' id='word_1_50' title='bbox 1085 1260 1213 1324; x_wconf 89' lang='lat' dir='ltr'><strong>omuino</strong></span> <span class='ocrx_word' id='word_1_51' title='bbox 1240 1258 1277 1322; x_wconf 88' lang='lat' dir='ltr'><strong>in</strong></span> 
     </span>
     <span class='ocr_line' id='line_1_9' title="bbox 225 1371 1276 1462; baseline -0.003 -19"><span class='ocrx_word' id='word_1_52' title='bbox 225 1377 380 1442; x_wconf 81' lang='lat' dir='ltr'><strong>maxumis</strong></span> <span class='ocrx_word' id='word_1_53' title='bbox 412 1373 520 1440; x_wconf 86' lang='lat' dir='ltr'><strong>causis</strong></span> <span class='ocrx_word' id='word_1_54' title='bbox 548 1382 766 1460; x_wconf 87' lang='lat' dir='ltr'><strong>praeterens,</strong></span> <span class='ocrx_word' id='word_1_55' title='bbox 793 1371 832 1440; x_wconf 91' lang='lat' dir='ltr'><strong>do</strong></span> <span class='ocrx_word' id='word_1_56' title='bbox 856 1371 967 1460; x_wconf 89' lang='lat' dir='ltr'><strong>quibus</strong></span> <span class='ocrx_word' id='word_1_57' title='bbox 990 1394 1086 1462; x_wconf 88' lang='lat' dir='ltr'><strong>snpra</strong></span> <span class='ocrx_word' id='word_1_58' title='bbox 1110 1374 1190 1456; x_wconf 89' lang='lat' dir='ltr'><strong>dixi,</strong></span> <span class='ocrx_word' id='word_1_59' title='bbox 1217 1394 1276 1440; x_wconf 86' lang='lat' dir='ltr'><strong>ne-</strong></span> 
     </span>
     <span class='ocr_line' id='line_1_10' title="bbox 224 1489 1275 1580; baseline 0 -20"><span class='ocrx_word' id='word_1_60' title='bbox 224 1494 318 1560; x_wconf 89' lang='lat' dir='ltr'><strong>mini:</strong></span> <span class='ocrx_word' id='word_1_61' title='bbox 338 1501 505 1580; x_wconf 88' lang='lat' dir='ltr'><strong>propterea</strong></span> <span class='ocrx_word' id='word_1_62' title='bbox 525 1489 607 1576; x_wconf 85' lang='lat' dir='ltr'><strong>quod</strong></span> <span class='ocrx_word' id='word_1_63' title='bbox 625 1491 799 1570; x_wconf 84' lang='lat' dir='ltr'><strong>Antonius,</strong></span> <span class='ocrx_word' id='word_1_64' title='bbox 822 1493 876 1577; x_wconf 92' lang='lat' dir='ltr'><strong>qui</strong></span> <span class='ocrx_word' id='word_1_65' title='bbox 897 1510 1039 1560; x_wconf 83' lang='lat' dir='ltr'><strong>maxume</strong></span> <span class='ocrx_word' id='word_1_66' title='bbox 1062 1491 1275 1580; x_wconf 75' lang='lat' dir='ltr'><strong>expetebatur,</strong></span> 
     </span>
     <span class='ocr_line' id='line_1_11' title="bbox 224 1609 1333 1697; baseline 0.001 -19"><span class='ocrx_word' id='word_1_67' title='bbox 224 1609 331 1678; x_wconf 88' lang='lat' dir='ltr'><strong>facilis</strong></span> <span class='ocrx_word' id='word_1_68' title='bbox 363 1611 397 1676; x_wconf 92' lang='lat' dir='ltr'><strong>in</strong></span> <span class='ocrx_word' id='word_1_69' title='bbox 426 1610 532 1676; x_wconf 85' lang='lat' dir='ltr'><strong>causis</strong></span> <span class='ocrx_word' id='word_1_70' title='bbox 560 1609 751 1697; x_wconf 84' lang='lat' dir='ltr'><strong>recipiendis</strong></span> <span class='ocrx_word' id='word_1_71' title='bbox 780 1618 866 1691; x_wconf 84' lang='lat' dir='ltr'><strong>erat;</strong></span> <span class='ocrx_word' id='word_1_72' title='bbox 898 1609 1096 1680; x_wconf 72' lang='lat' dir='ltr'><strong>fastidiosior</strong></span> <span class='ocrx_word' id='word_1_73' title='bbox 1124 1609 1275 1689; x_wconf 80' lang='lat' dir='ltr'><strong>Crassus,</strong></span> <span class='ocrx_word' id='word_1_74' title='bbox 1331 1639 1333 1692; x_wconf 87' lang='lat' dir='ltr'><strong>t</strong></span> 
     </span>
     <span class='ocr_line' id='line_1_12' title="bbox 225 1726 1274 1815; baseline -0.002 -19"><span class='ocrx_word' id='word_1_75' title='bbox 225 1728 282 1796; x_wconf 88' lang='lat' dir='ltr'><strong>sed</strong></span> <span class='ocrx_word' id='word_1_76' title='bbox 309 1737 413 1795; x_wconf 90' lang='lat' dir='ltr'><strong>tamen</strong></span> <span class='ocrx_word' id='word_1_77' title='bbox 439 1726 626 1815; x_wconf 84' lang='lat' dir='ltr'><strong>recipiebat;</strong></span> <span class='ocrx_word' id='word_1_78' title='bbox 657 1726 768 1794; x_wconf 90' lang='lat' dir='ltr'><strong>borum</strong></span> <span class='ocrx_word' id='word_1_79' title='bbox 792 1730 845 1814; x_wconf 89' lang='lat' dir='ltr'><strong>qui</strong></span> <span class='ocrx_word' id='word_1_80' title='bbox 873 1737 1015 1798; x_wconf 87' lang='lat' dir='ltr'><strong>neutrum</strong></span> <span class='ocrx_word' id='word_1_81' title='bbox 1035 1727 1176 1797; x_wconf 90' lang='lat' dir='ltr'><strong>habebat</strong></span> <span class='ocrx_word' id='word_1_82' title='bbox 1197 1749 1274 1798; x_wconf 85' lang='lat' dir='ltr'><strong>con-</strong></span> 
     </span>
     <span class='ocr_line' id='line_1_13' title="bbox 224 1843 1275 1940; baseline -0.001 -26"><span class='ocrx_word' id='word_1_83' title='bbox 224 1847 366 1933; x_wconf 78' lang='lat' dir='ltr'><strong>fugiebat</strong></span> <span class='ocrx_word' id='word_1_84' title='bbox 394 1845 435 1912; x_wconf 91' lang='lat' dir='ltr'><strong>ad</strong></span> <span class='ocrx_word' id='word_1_85' title='bbox 459 1843 632 1940; x_wconf 88' lang='lat' dir='ltr'><strong>Philippum</strong></span> <span class='ocrx_word' id='word_1_86' title='bbox 660 1845 727 1912; x_wconf 88' lang='lat' dir='ltr'><strong>fere</strong></span> <span class='ocrx_word' id='word_1_87' title='bbox 757 1857 809 1914; x_wconf 89' lang='lat' dir='ltr'><strong>ant</strong></span> <span class='ocrx_word' id='word_1_88' title='bbox 837 1845 878 1912; x_wconf 87' lang='lat' dir='ltr'><strong>ad</strong></span> <span class='ocrx_word' id='word_1_89' title='bbox 900 1843 1092 1926; x_wconf 68' lang='lat' dir='ltr'><strong>Gaesarem</strong></span> <span class='ocrx_word' id='word_1_90' title='bbox 1121 1844 1217 1914; x_wconf 86' lang='lat' dir='ltr'><strong>Cotta</strong></span> <span class='ocrx_word' id='word_1_91' title='bbox 1242 1856 1275 1916; x_wconf 89' lang='lat' dir='ltr'><strong>et</strong></span> 
     </span>
     <span class='ocr_line' id='line_1_14' title="bbox 223 1961 1274 2054; baseline -0.002 -22"><span class='ocrx_word' id='word_1_92' title='bbox 223 1964 382 2054; x_wconf 87' lang='lat' dir='ltr'><strong>Sulpicius</strong></span> <span class='ocrx_word' id='word_1_93' title='bbox 404 1964 585 2046; x_wconf 86' lang='lat' dir='ltr'><strong>[secundum</strong></span> <span class='ocrx_word' id='word_1_94' title='bbox 601 1961 774 2051; x_wconf 86' lang='lat' dir='ltr'><strong>Philippum</strong></span> <span class='ocrx_word' id='word_1_95' title='bbox 790 1967 818 2027; x_wconf 76' lang='lat' dir='ltr'><strong>de</strong></span> <span class='ocrx_word' id='word_1_96' title='bbox 837 1961 1020 2046; x_wconf 84' lang='lat' dir='ltr'><strong>Gaesarem]</strong></span> <span class='ocrx_word' id='word_1_97' title='bbox 1038 1965 1274 2052; x_wconf 81' lang='lat' dir='ltr'><strong>expetebantur.</strong></span> 
     </span>
     <span class='ocr_line' id='line_1_15' title="bbox 221 2081 1273 2171; baseline -0.004 -18"><span class='ocrx_word' id='word_1_98' title='bbox 221 2081 269 2154; x_wconf 88' lang='lat' dir='ltr'><strong>lte</strong></span> <span class='ocrx_word' id='word_1_99' title='bbox 290 2083 330 2152; x_wconf 85' lang='lat' dir='ltr'><strong>ab</strong></span> <span class='ocrx_word' id='word_1_100' title='bbox 349 2083 400 2152; x_wconf 92' lang='lat' dir='ltr'><strong>his</strong></span> <span class='ocrx_word' id='word_1_101' title='bbox 424 2103 481 2150; x_wconf 84' lang='lat' dir='ltr'><strong>sen</strong></span> <span class='ocrx_word' id='word_1_102' title='bbox 496 2084 637 2170; x_wconf 87' lang='lat' dir='ltr'><strong>patronis</strong></span> <span class='ocrx_word' id='word_1_103' title='bbox 656 2101 774 2154; x_wconf 80' lang='lat' dir='ltr'><strong>causae</strong></span> <span class='ocrx_word' id='word_1_104' title='bbox 794 2081 935 2152; x_wconf 89' lang='lat' dir='ltr'><strong>illustres</strong></span> <span class='ocrx_word' id='word_1_105' title='bbox 955 2081 1148 2168; x_wconf 79' lang='lat' dir='ltr'><strong>agebantur3</strong></span> <span class='ocrx_word' id='word_1_106' title='bbox 1169 2103 1273 2171; x_wconf 88' lang='lat' dir='ltr'><strong>neque</strong></span> 
     </span>
     <span class='ocr_line' id='line_1_16' title="bbox 220 2200 1274 2288; baseline 0.001 -19"><span class='ocrx_word' id='word_1_107' title='bbox 220 2213 286 2272; x_wconf 89' lang='lat' dir='ltr'><strong>tam</strong></span> <span class='ocrx_word' id='word_1_108' title='bbox 312 2202 410 2270; x_wconf 88' lang='lat' dir='ltr'><strong>multa</strong></span> <span class='ocrx_word' id='word_1_109' title='bbox 434 2221 527 2288; x_wconf 88' lang='lat' dir='ltr'><strong>quam</strong></span> <span class='ocrx_word' id='word_1_110' title='bbox 546 2209 656 2268; x_wconf 89' lang='lat' dir='ltr'><strong>nostra</strong></span> <span class='ocrx_word' id='word_1_111' title='bbox 678 2210 780 2268; x_wconf 88' lang='lat' dir='ltr'><strong>aetate</strong></span> <span class='ocrx_word' id='word_1_112' title='bbox 802 2200 922 2268; x_wconf 86' lang='lat' dir='ltr'><strong>iudicia</strong></span> <span class='ocrx_word' id='word_1_113' title='bbox 941 2200 1057 2268; x_wconf 85' lang='lat' dir='ltr'><strong>debant</strong></span> <span class='ocrx_word' id='word_1_114' title='bbox 1078 2221 1181 2288; x_wconf 90' lang='lat' dir='ltr'><strong>neque</strong></span> <span class='ocrx_word' id='word_1_115' title='bbox 1202 2201 1274 2282; x_wconf 85' lang='lat' dir='ltr'><strong>hoo,</strong></span> 
     </span>
     <span class='ocr_line' id='line_1_17' title="bbox 222 2317 1272 2409; baseline -0.002 -21"><span class='ocrx_word' id='word_1_116' title='bbox 222 2321 306 2409; x_wconf 89' lang='lat' dir='ltr'><strong>quod</strong></span> <span class='ocrx_word' id='word_1_117' title='bbox 327 2339 408 2388; x_wconf 87' lang='lat' dir='ltr'><strong>nuno</strong></span> <span class='ocrx_word' id='word_1_118' title='bbox 430 2317 478 2398; x_wconf 86' lang='lat' dir='ltr'><strong>fit,</strong></span> <span class='ocrx_word' id='word_1_119' title='bbox 507 2327 540 2388; x_wconf 88' lang='lat' dir='ltr'><strong>ut</strong></span> <span class='ocrx_word' id='word_1_120' title='bbox 561 2338 679 2384; x_wconf 84' lang='lat' dir='ltr'><strong>causae</strong></span> <span class='ocrx_word' id='word_1_121' title='bbox 703 2318 847 2404; x_wconf 82' lang='lat' dir='ltr'><strong>singulae</strong></span> <span class='ocrx_word' id='word_1_122' title='bbox 871 2319 1111 2388; x_wconf 78' lang='lat' dir='ltr'><strong>defenderentur</strong></span> <span class='ocrx_word' id='word_1_123' title='bbox 1132 2340 1153 2386; x_wconf 91' lang='lat' dir='ltr'><strong>a</strong></span> <span class='ocrx_word' id='word_1_124' title='bbox 1173 2317 1272 2408; x_wconf 91' lang='lat' dir='ltr'><strong>pluri-</strong></span> 
     </span>
     <span class='ocr_line' id='line_1_18' title="bbox 221 2434 1332 2526; baseline -0.001 -21"><span class='ocrx_word' id='word_1_125' title='bbox 221 2438 301 2518; x_wconf 91' lang='lat' dir='ltr'><strong>bus,</strong></span> <span class='ocrx_word' id='word_1_126' title='bbox 340 2455 401 2523; x_wconf 90' lang='lat' dir='ltr'><strong>quo</strong></span> <span class='ocrx_word' id='word_1_127' title='bbox 433 2434 512 2502; x_wconf 88' lang='lat' dir='ltr'><strong>nibil</strong></span> <span class='ocrx_word' id='word_1_128' title='bbox 546 2445 595 2502; x_wconf 87' lang='lat' dir='ltr'><strong>est</strong></span> <span class='ocrx_word' id='word_1_129' title='bbox 624 2438 780 2504; x_wconf 85' lang='lat' dir='ltr'><strong>vitiosius.</strong></span> <span class='ocrx_word' id='word_1_130' title='bbox 834 2437 908 2504; x_wconf 82' lang='grc'><strong>208.</strong></span> <span class='ocrx_word' id='word_1_131' title='bbox 940 2437 1179 2526; x_wconf 87' lang='lat' dir='ltr'><strong>Respondemus</strong></span> <span class='ocrx_word' id='word_1_132' title='bbox 1213 2441 1271 2518; x_wconf 87' lang='lat' dir='ltr'><strong>eis,</strong></span> <span class='ocrx_word' id='word_1_133' title='bbox 1331 2445 1332 2464; x_wconf 73' lang='lat'><em>²</em></span> 
     </span>
     <span class='ocr_line' id='line_1_19' title="bbox 223 2552 1271 2643; baseline 0.002 -21"><span class='ocrx_word' id='word_1_134' title='bbox 223 2573 301 2642; x_wconf 87' lang='lat' dir='ltr'><strong>quos</strong></span> <span class='ocrx_word' id='word_1_135' title='bbox 336 2573 401 2622; x_wconf 91' lang='lat' dir='ltr'><strong>non</strong></span> <span class='ocrx_word' id='word_1_136' title='bbox 433 2552 626 2620; x_wconf 84' lang='lat' dir='ltr'><strong>audiuimus:</strong></span> <span class='ocrx_word' id='word_1_137' title='bbox 659 2556 693 2619; x_wconf 89' lang='lat' dir='ltr'><strong>in</strong></span> <span class='ocrx_word' id='word_1_138' title='bbox 725 2571 785 2640; x_wconf 88' lang='lat' dir='ltr'><strong>quo</strong></span> <span class='ocrx_word' id='word_1_139' title='bbox 810 2558 942 2642; x_wconf 90' lang='lat' dir='ltr'><strong>primum</strong></span> <span class='ocrx_word' id='word_1_140' title='bbox 973 2574 1069 2643; x_wconf 87' lang='lat' dir='ltr'><strong>saepe</strong></span> <span class='ocrx_word' id='word_1_141' title='bbox 1103 2556 1198 2626; x_wconf 86' lang='lat' dir='ltr'><strong>aliter</strong></span> <span class='ocrx_word' id='word_1_142' title='bbox 1224 2566 1271 2624; x_wconf 88' lang='lat' dir='ltr'><strong>est</strong></span> 
     </span>
     <span class='ocr_line' id='line_1_20' title="bbox 222 2669 1272 2760; baseline 0 -18"><span class='ocrx_word' id='word_1_143' title='bbox 222 2673 353 2752; x_wconf 75' lang='lat' dir='ltr'><strong>houm,</strong></span> <span class='ocrx_word' id='word_1_144' title='bbox 386 2669 479 2740; x_wconf 88' lang='lat' dir='ltr'><strong>alitor</strong></span> <span class='ocrx_word' id='word_1_145' title='bbox 510 2671 552 2740; x_wconf 87' lang='lat' dir='ltr'><strong>ad</strong></span> <span class='ocrx_word' id='word_1_146' title='bbox 583 2691 643 2739; x_wconf 92' lang='lat' dir='ltr'><strong>nos</strong></span> <span class='ocrx_word' id='word_1_147' title='bbox 675 2671 824 2754; x_wconf 81' lang='lat' dir='ltr'><strong>relatom3</strong></span> <span class='ocrx_word' id='word_1_148' title='bbox 859 2673 971 2742; x_wconf 88' lang='lat' dir='ltr'><strong>deindo</strong></span> <span class='ocrx_word' id='word_1_149' title='bbox 1005 2677 1113 2760; x_wconf 74' lang='lat' dir='ltr'><strong>magni</strong></span> <span class='ocrx_word' id='word_1_150' title='bbox 1140 2678 1272 2744; x_wconf 87' lang='lat' dir='ltr'><strong>interest</strong></span> 
     </span>
     <span class='ocr_line' id='line_1_21' title="bbox 222 2791 1271 2882; baseline 0 -22"><span class='ocrx_word' id='word_1_151' title='bbox 222 2812 330 2860; x_wconf 86' lang='lat' dir='ltr'><strong>eoram</strong></span> <span class='ocrx_word' id='word_1_152' title='bbox 357 2791 465 2859; x_wconf 81' lang='lat' dir='ltr'><strong>uidero</strong></span> <span class='ocrx_word' id='word_1_153' title='bbox 498 2811 547 2858; x_wconf 89' lang='lat' dir='ltr'><strong>me</strong></span> <span class='ocrx_word' id='word_1_154' title='bbox 575 2811 665 2878; x_wconf 82' lang='lat' dir='ltr'><strong>quem</strong></span> <span class='ocrx_word' id='word_1_155' title='bbox 697 2791 738 2858; x_wconf 93' lang='lat' dir='ltr'><strong>ad</strong></span> <span class='ocrx_word' id='word_1_156' title='bbox 761 2791 885 2860; x_wconf 90' lang='lat' dir='ltr'><strong>modum</strong></span> <span class='ocrx_word' id='word_1_157' title='bbox 907 2792 1110 2862; x_wconf 87' lang='lat' dir='ltr'><strong>adversarius</strong></span> <span class='ocrx_word' id='word_1_158' title='bbox 1129 2792 1168 2860; x_wconf 90' lang='lat' dir='ltr'><strong>do</strong></span> <span class='ocrx_word' id='word_1_159' title='bbox 1190 2815 1271 2882; x_wconf 87' lang='lat' dir='ltr'><strong>qua-</strong></span> 
     </span>
     <span class='ocr_line' id='line_1_22' title="bbox 220 2899 1271 2998; baseline 0.002 -20"><span class='ocrx_word' id='word_1_160' title='bbox 220 2899 280 2998; x_wconf 76' lang='lat' dir='ltr'><strong>pue</strong></span> <span class='ocrx_word' id='word_1_161' title='bbox 300 2931 336 2978; x_wconf 90' lang='lat' dir='ltr'><strong>re</strong></span> <span class='ocrx_word' id='word_1_162' title='bbox 358 2919 534 2990; x_wconf 85' lang='lat' dir='ltr'><strong>asseveret,</strong></span> <span class='ocrx_word' id='word_1_163' title='bbox 556 2913 693 2979; x_wconf 89' lang='lat' dir='ltr'><strong>maxumi</strong></span> <span class='ocrx_word' id='word_1_164' title='bbox 710 2919 828 2990; x_wconf 88' lang='lat' dir='ltr'><strong>autem,</strong></span> <span class='ocrx_word' id='word_1_165' title='bbox 851 2931 942 2998; x_wconf 88' lang='lat' dir='ltr'><strong>qoem</strong></span> <span class='ocrx_word' id='word_1_166' title='bbox 964 2911 1151 2978; x_wconf 88' lang='lat' dir='ltr'><strong>admodum</strong></span> <span class='ocrx_word' id='word_1_167' title='bbox 1171 2932 1271 2998; x_wconf 90' lang='lat' dir='ltr'><strong>quae-</strong></span> 
     </span>
    </p>
   </div>
   <div class='ocr_carea' id='block_1_3' title="bbox 284 3109 1212 3168">
    <p class='ocr_par' dir='ltr' id='par_1_4' title="bbox 284 3109 1212 3168">
     <span class='ocr_line' id='line_1_23' title="bbox 284 3109 1212 3168; baseline 0.002 -14"><span class='ocrx_word' id='word_1_168' title='bbox 284 3112 332 3156; x_wconf 68' lang='lat' dir='ltr'><strong>fflt.</strong></span> <span class='ocrx_word' id='word_1_169' title='bbox 358 3111 491 3166; x_wconf 67' lang='lat' dir='ltr'><strong>[suendum</strong></span> <span class='ocrx_word' id='word_1_170' title='bbox 504 3111 639 3168; x_wconf 76' lang='lat' dir='ltr'><strong>Pttttppaer</strong></span> <span class='ocrx_word' id='word_1_171' title='bbox 652 3113 674 3152; x_wconf 78' lang='lat' dir='ltr'><strong>et</strong></span> <span class='ocrx_word' id='word_1_172' title='bbox 688 3109 820 3168; x_wconf 74' lang='lat' dir='ltr'><strong>Caesarem]</strong></span> <span class='ocrx_word' id='word_1_173' title='bbox 833 3112 884 3154; x_wconf 79' lang='lat' dir='ltr'><strong>stne</strong></span> <span class='ocrx_word' id='word_1_174' title='bbox 899 3112 972 3156; x_wconf 81' lang='lat' dir='ltr'><strong>unsis.</strong></span> <span class='ocrx_word' id='word_1_175' title='bbox 982 3132 1010 3146; x_wconf 58' lang='grc' dir='ltr'><strong>υ-</strong></span> <span class='ocrx_word' id='word_1_176' title='bbox 1027 3110 1057 3154; x_wconf 87' lang='lat' dir='ltr'><strong>ob</strong></span> <span class='ocrx_word' id='word_1_177' title='bbox 1071 3111 1119 3168; x_wconf 70' lang='lat' dir='ltr'><strong>total</strong></span> <span class='ocrx_word' id='word_1_178' title='bbox 1133 3113 1161 3156; x_wconf 77' lang='lat' dir='ltr'><strong>ab</strong></span> <span class='ocrx_word' id='word_1_179' title='bbox 1174 3113 1212 3156; x_wconf 82' lang='lat' dir='ltr'><strong>tta.</strong></span> 
     </span>
    </p>
   </div>
   <div class='ocr_carea' id='block_1_4' title="bbox 287 3233 1329 3351">
    <p class='ocr_par' dir='ltr' id='par_1_5' title="bbox 287 3233 1329 3351">
     <span class='ocr_line' id='line_1_24' title="bbox 287 3233 1329 3351; baseline 0.001 -17"><span class='ocrx_word' id='word_1_180' title='bbox 287 3279 348 3334; x_wconf 71' lang='lat'><strong>⁸207.</strong></span> <span class='ocrx_word' id='word_1_181' title='bbox 383 3280 517 3351; x_wconf 75' lang='lat' dir='ltr'><strong>scriptis]</strong></span> <span class='ocrx_word' id='word_1_182' title='bbox 535 3277 698 3334; x_wconf 67' lang='lat' dir='ltr'><strong>emtarum</strong></span> <span class='ocrx_word' id='word_1_183' title='bbox 711 3278 860 3335; x_wconf 83' lang='lat' dir='ltr'><strong>Lambinus</strong></span> <span class='ocrx_word' id='word_1_184' title='bbox 872 3279 1008 3350; x_wconf 79' lang='lat' dir='ltr'><strong>speciose.</strong></span> <span class='ocrx_word' id='word_1_185' title='bbox 1034 3279 1110 3338; x_wconf 82' lang='lat' dir='ltr'><strong>Dtotr</strong></span> <span class='ocrx_word' id='word_1_186' title='bbox 1124 3279 1162 3336; x_wconf 81' lang='lat' dir='ltr'><strong>ad</strong></span> <span class='ocrx_word' id='word_1_187' title='bbox 1174 3280 1272 3336; x_wconf 86' lang='lat' dir='ltr'><strong>lectio·</strong></span> <span class='ocrx_word' id='word_1_188' title='bbox 1328 3233 1329 3289; x_wconf 37' lang='lat'>1</span> 
     </span>
    </p>
   </div>
   <div class='ocr_carea' id='block_1_5' title="bbox 183 3363 1327 4286">
    <p class='ocr_par' dir='ltr' id='par_1_6' title="bbox 219 3363 1328 3520">
     <span class='ocr_line' id='line_1_25' title="bbox 219 3363 1270 3437; baseline -0.003 -15"><span class='ocrx_word' id='word_1_189' title='bbox 219 3382 282 3422; x_wconf 83' lang='lat' dir='ltr'><strong>nent</strong></span> <span class='ocrx_word' id='word_1_190' title='bbox 293 3381 390 3418; x_wconf 85' lang='lat' dir='ltr'><strong>recens</strong></span> <span class='ocrx_word' id='word_1_191' title='bbox 403 3365 563 3434; x_wconf 86' lang='lat' dir='ltr'><strong>scriptarum</strong></span> <span class='ocrx_word' id='word_1_192' title='bbox 575 3364 816 3422; x_wconf 80' lang='lat' dir='ltr'><strong>admissomse.-</strong></span> <span class='ocrx_word' id='word_1_193' title='bbox 834 3365 917 3434; x_wconf 67' lang='lat' dir='ltr'><strong>ints]</strong></span> <span class='ocrx_word' id='word_1_194' title='bbox 929 3365 1030 3437; x_wconf 77' lang='lat' dir='ltr'><strong>slebg.</strong></span> <span class='ocrx_word' id='word_1_195' title='bbox 1041 3381 1146 3431; x_wconf 87' lang='lat' dir='ltr'><strong>omnes,</strong></span> <span class='ocrx_word' id='word_1_196' title='bbox 1163 3363 1270 3420; x_wconf 64' lang='lat' dir='ltr'><strong>Veni.</strong></span> 
     </span>
     <span class='ocr_line' id='line_1_26' title="bbox 220 3447 517 3520; baseline -0.007 -14"><span class='ocrx_word' id='word_1_197' title='bbox 220 3447 277 3507; x_wconf 85' lang='lat' dir='ltr'><strong>oo.</strong></span> <span class='ocrx_word' id='word_1_198' title='bbox 301 3449 353 3504; x_wconf 86' lang='lat' dir='ltr'><strong>Gn.</strong></span> <span class='ocrx_word' id='word_1_199' title='bbox 372 3451 395 3505; x_wconf 94' lang='lat' dir='ltr'><strong>l.</strong></span> <span class='ocrx_word' id='word_1_200' title='bbox 414 3448 457 3504; x_wconf 85' lang='lat' dir='ltr'><strong>ed.</strong></span> <span class='ocrx_word' id='word_1_201' title='bbox 475 3467 517 3520; x_wconf 91' lang='lat' dir='ltr'><strong>pr.</strong></span> 
     </span>
    </p>

    <p class='ocr_par' dir='ltr' id='par_1_7' title="bbox 183 3531 1327 4118">
     <span class='ocr_line' id='line_1_27' title="bbox 183 3531 1272 3608; baseline -0.004 -16"><span class='ocrx_word' id='word_1_202' title='bbox 183 3537 185 3546; x_wconf 88' lang='grc'><strong>’</strong></span> <span class='ocrx_word' id='word_1_203' title='bbox 288 3533 377 3592; x_wconf 82' lang='lat' dir='ltr'><strong>Lvtt.</strong></span> <span class='ocrx_word' id='word_1_204' title='bbox 413 3533 620 3608; x_wconf 70' lang='lat' dir='ltr'><strong>expetebatur]</strong></span> <span class='ocrx_word' id='word_1_205' title='bbox 637 3532 865 3607; x_wconf 70' lang='lat' dir='ltr'><strong>cospectatatm·</strong></span> <span class='ocrx_word' id='word_1_206' title='bbox 882 3533 934 3588; x_wconf 89' lang='lat' dir='ltr'><strong>Gu.</strong></span> <span class='ocrx_word' id='word_1_207' title='bbox 952 3535 976 3590; x_wconf 88' lang='lat' dir='ltr'><strong>l.</strong></span> <span class='ocrx_word' id='word_1_208' title='bbox 995 3533 1039 3589; x_wconf 89' lang='lat' dir='ltr'><strong>ed.</strong></span> <span class='ocrx_word' id='word_1_209' title='bbox 1054 3549 1095 3604; x_wconf 87' lang='lat' dir='ltr'><strong>pr.</strong></span> <span class='ocrx_word' id='word_1_210' title='bbox 1113 3560 1149 3574; x_wconf 85' lang='lat'><strong>·-</strong></span> <span class='ocrx_word' id='word_1_211' title='bbox 1179 3531 1272 3588; x_wconf 76' lang='lat' dir='ltr'><strong>cntra</strong></span> 
     </span>
     <span class='ocr_line' id='line_1_28' title="bbox 221 3617 1272 3691; baseline 0 -17"><span class='ocrx_word' id='word_1_212' title='bbox 221 3622 261 3688; x_wconf 84' lang='lat' dir='ltr'><strong>st]</strong></span> <span class='ocrx_word' id='word_1_213' title='bbox 284 3627 313 3674; x_wconf 86' lang='lat' dir='ltr'><strong>et</strong></span> <span class='ocrx_word' id='word_1_214' title='bbox 337 3638 390 3674; x_wconf 91' lang='lat' dir='ltr'><strong>om.</strong></span> <span class='ocrx_word' id='word_1_215' title='bbox 407 3619 458 3691; x_wconf 85' lang='lat' dir='ltr'><strong>Lg.</strong></span> <span class='ocrx_word' id='word_1_216' title='bbox 477 3620 501 3672; x_wconf 82' lang='grc'><strong>8.</strong></span> <span class='ocrx_word' id='word_1_217' title='bbox 520 3620 562 3674; x_wconf 80' lang='grc'><strong>51.</strong></span> <span class='ocrx_word' id='word_1_218' title='bbox 580 3619 622 3676; x_wconf 86' lang='grc'><strong>50.</strong></span> <span class='ocrx_word' id='word_1_219' title='bbox 641 3621 683 3679; x_wconf 82' lang='grc'><strong>58.</strong></span> <span class='ocrx_word' id='word_1_220' title='bbox 704 3619 747 3676; x_wconf 89' lang='lat' dir='ltr'><strong>ed.</strong></span> <span class='ocrx_word' id='word_1_221' title='bbox 765 3636 807 3690; x_wconf 91' lang='lat' dir='ltr'><strong>pr.</strong></span> <span class='ocrx_word' id='word_1_222' title='bbox 844 3623 937 3675; x_wconf 83' lang='lat' dir='ltr'><strong>etium</strong></span> <span class='ocrx_word' id='word_1_223' title='bbox 953 3617 1005 3691; x_wconf 69' lang='lat' dir='ltr'><strong>Ing.</strong></span> <span class='ocrx_word' id='word_1_224' title='bbox 1024 3618 1066 3673; x_wconf 86' lang='grc'><strong>70.</strong></span> <span class='ocrx_word' id='word_1_225' title='bbox 1085 3648 1121 3658; x_wconf 89' lang='grc'>-</span> <span class='ocrx_word' id='word_1_226' title='bbox 1150 3626 1272 3691; x_wconf 67' lang='lat' dir='ltr'><strong>expete-</strong></span> 
     </span>
     <span class='ocr_line' id='line_1_29' title="bbox 222 3702 1327 3776; baseline -0.003 -15"><span class='ocrx_word' id='word_1_227' title='bbox 222 3704 339 3770; x_wconf 77' lang='lat' dir='ltr'><strong>bantur]</strong></span> <span class='ocrx_word' id='word_1_228' title='bbox 358 3702 608 3774; x_wconf 72' lang='lat' dir='ltr'><strong>etoopeofubontur</strong></span> <span class='ocrx_word' id='word_1_229' title='bbox 624 3705 675 3776; x_wconf 85' lang='lat' dir='ltr'><strong>Lg.</strong></span> <span class='ocrx_word' id='word_1_230' title='bbox 687 3705 729 3760; x_wconf 75' lang='grc'><strong>00.</strong></span> <span class='ocrx_word' id='word_1_231' title='bbox 763 3703 910 3760; x_wconf 85' lang='lat' dir='ltr'><strong>Lambinus</strong></span> <span class='ocrx_word' id='word_1_232' title='bbox 928 3704 1092 3775; x_wconf 83' lang='lat' dir='ltr'><strong>interposuit</strong></span> <span class='ocrx_word' id='word_1_233' title='bbox 1107 3704 1272 3758; x_wconf 80' lang='lat' dir='ltr'><strong>seeundum</strong></span> <span class='ocrx_word' id='word_1_234' title='bbox 1326 3719 1327 3747; x_wconf 64' lang='lat'>³</span> 
     </span>
     <span class='ocr_line' id='line_1_30' title="bbox 221 3787 1272 3862; baseline -0.005 -15"><span class='ocrx_word' id='word_1_235' title='bbox 221 3787 397 3862; x_wconf 74' lang='lat' dir='ltr'><strong>Philippum</strong></span> <span class='ocrx_word' id='word_1_236' title='bbox 411 3795 440 3842; x_wconf 83' lang='lat' dir='ltr'><strong>et</strong></span> <span class='ocrx_word' id='word_1_237' title='bbox 456 3788 630 3854; x_wconf 83' lang='lat' dir='ltr'><strong>Caesarem,</strong></span> <span class='ocrx_word' id='word_1_238' title='bbox 649 3789 775 3861; x_wconf 85' lang='lat' dir='ltr'><strong>profecto</strong></span> <span class='ocrx_word' id='word_1_239' title='bbox 792 3789 863 3842; x_wconf 88' lang='lat' dir='ltr'><strong>band</strong></span> <span class='ocrx_word' id='word_1_240' title='bbox 881 3790 983 3862; x_wconf 87' lang='lat' dir='ltr'><strong>inepte.</strong></span> <span class='ocrx_word' id='word_1_241' title='bbox 1012 3787 1121 3844; x_wconf 84' lang='lat' dir='ltr'><strong>Clarum</strong></span> <span class='ocrx_word' id='word_1_242' title='bbox 1136 3797 1178 3845; x_wconf 86' lang='lat' dir='ltr'><strong>est</strong></span> <span class='ocrx_word' id='word_1_243' title='bbox 1196 3791 1272 3842; x_wconf 85' lang='lat' dir='ltr'><strong>enim</strong></span> 
     </span>
     <span class='ocr_line' id='line_1_31' title="bbox 221 3873 1272 3941; baseline -0.004 -9"><span class='ocrx_word' id='word_1_244' title='bbox 221 3874 345 3932; x_wconf 85' lang='lat' dir='ltr'><strong>ordinem</strong></span> <span class='ocrx_word' id='word_1_245' title='bbox 370 3885 507 3930; x_wconf 86' lang='lat' dir='ltr'><strong>oratorum</strong></span> <span class='ocrx_word' id='word_1_246' title='bbox 530 3876 759 3932; x_wconf 84' lang='lat' dir='ltr'><strong>recensendoronn</strong></span> <span class='ocrx_word' id='word_1_247' title='bbox 784 3891 845 3930; x_wconf 89' lang='lat' dir='ltr'><strong>enm</strong></span> <span class='ocrx_word' id='word_1_248' title='bbox 864 3874 1006 3930; x_wconf 88' lang='lat' dir='ltr'><strong>observari</strong></span> <span class='ocrx_word' id='word_1_249' title='bbox 1028 3891 1046 3928; x_wconf 84' lang='lat' dir='ltr'><strong>a</strong></span> <span class='ocrx_word' id='word_1_250' title='bbox 1063 3873 1214 3941; x_wconf 81' lang='lat' dir='ltr'><strong>Cicerone,</strong></span> <span class='ocrx_word' id='word_1_251' title='bbox 1241 3883 1272 3930; x_wconf 88' lang='lat' dir='ltr'><strong>ut</strong></span> 
     </span>
     <span class='ocr_line' id='line_1_32' title="bbox 220 3943 1326 4032; baseline 0.002 -18"><span class='ocrx_word' id='word_1_252' title='bbox 220 3959 309 4032; x_wconf 89' lang='lat' dir='ltr'><strong>primo</strong></span> <span class='ocrx_word' id='word_1_253' title='bbox 323 3960 386 4015; x_wconf 86' lang='lat' dir='ltr'><strong>loco</strong></span> <span class='ocrx_word' id='word_1_254' title='bbox 405 3961 578 4016; x_wconf 84' lang='lat' dir='ltr'><strong>nobilissimis</strong></span> <span class='ocrx_word' id='word_1_255' title='bbox 593 3961 737 4015; x_wconf 88' lang='lat' dir='ltr'><strong>nominatis</strong></span> <span class='ocrx_word' id='word_1_256' title='bbox 751 3959 932 4016; x_wconf 82' lang='lat' dir='ltr'><strong>descendatur</strong></span> <span class='ocrx_word' id='word_1_257' title='bbox 950 3961 985 4014; x_wconf 85' lang='lat' dir='ltr'><strong>ad</strong></span> <span class='ocrx_word' id='word_1_258' title='bbox 999 3958 1186 4030; x_wconf 75' lang='lat' dir='ltr'><strong>ignobiliores.</strong></span> <span class='ocrx_word' id='word_1_259' title='bbox 1215 3958 1272 4016; x_wconf 85' lang='lat' dir='ltr'><strong>Mi·</strong></span> <span class='ocrx_word' id='word_1_260' title='bbox 1325 3943 1326 3977; x_wconf 54' lang='lat'>¹</span> 
     </span>
     <span class='ocr_line' id='line_1_33' title="bbox 220 4044 1272 4118; baseline -0.004 -16"><span class='ocrx_word' id='word_1_261' title='bbox 220 4047 292 4102; x_wconf 88' lang='lat' dir='ltr'><strong>nime</strong></span> <span class='ocrx_word' id='word_1_262' title='bbox 308 4046 388 4118; x_wconf 78' lang='lat' dir='ltr'><strong>igitur</strong></span> <span class='ocrx_word' id='word_1_263' title='bbox 406 4045 536 4102; x_wconf 88' lang='lat' dir='ltr'><strong>convenit</strong></span> <span class='ocrx_word' id='word_1_264' title='bbox 547 4046 656 4101; x_wconf 81' lang='lat' dir='ltr'><strong>Cottam</strong></span> <span class='ocrx_word' id='word_1_265' title='bbox 673 4054 701 4098; x_wconf 89' lang='lat' dir='ltr'><strong>et</strong></span> <span class='ocrx_word' id='word_1_266' title='bbox 714 4045 864 4114; x_wconf 87' lang='lat' dir='ltr'><strong>Sulpfointn</strong></span> <span class='ocrx_word' id='word_1_267' title='bbox 880 4044 1006 4106; x_wconf 80' lang='lat' dir='ltr'><strong>laudibus</strong></span> <span class='ocrx_word' id='word_1_268' title='bbox 1023 4061 1107 4114; x_wconf 85' lang='lat' dir='ltr'><strong>snpra</strong></span> <span class='ocrx_word' id='word_1_269' title='bbox 1121 4044 1272 4102; x_wconf 83' lang='lat' dir='ltr'><strong>Gaesarem</strong></span> 
     </span>
    </p>

    <p class='ocr_par' dir='ltr' id='par_1_8' title="bbox 221 4127 1325 4286">
     <span class='ocr_line' id='line_1_34' title="bbox 221 4127 1325 4207; baseline -0.002 -21"><span class='ocrx_word' id='word_1_270' title='bbox 221 4139 249 4186; x_wconf 86' lang='lat' dir='ltr'><strong>et</strong></span> <span class='ocrx_word' id='word_1_271' title='bbox 267 4131 424 4202; x_wconf 86' lang='lat' dir='ltr'><strong>Philippum</strong></span> <span class='ocrx_word' id='word_1_272' title='bbox 449 4129 561 4194; x_wconf 77' lang='lat' dir='ltr'><strong>offerre,</strong></span> <span class='ocrx_word' id='word_1_273' title='bbox 586 4129 682 4198; x_wconf 83' lang='lat' dir='ltr'><strong>quibus</strong></span> <span class='ocrx_word' id='word_1_274' title='bbox 705 4129 780 4186; x_wconf 88' lang='lat' dir='ltr'><strong>haud</strong></span> <span class='ocrx_word' id='word_1_275' title='bbox 801 4130 883 4184; x_wconf 85' lang='lat' dir='ltr'><strong>dubie</strong></span> <span class='ocrx_word' id='word_1_276' title='bbox 904 4137 997 4186; x_wconf 78' lang='lat' dir='ltr'><strong>essent</strong></span> <span class='ocrx_word' id='word_1_277' title='bbox 1017 4127 1173 4186; x_wconf 81' lang='lat' dir='ltr'><strong>inferiores.</strong></span> <span class='ocrx_word' id='word_1_278' title='bbox 1215 4130 1274 4184; x_wconf 85' lang='lat' dir='ltr'><strong>Re·</strong></span> <span class='ocrx_word' id='word_1_279' title='bbox 1324 4151 1325 4207; x_wconf 52' lang='lat' dir='ltr'><strong>t</strong></span> 
     </span>
     <span class='ocr_line' id='line_1_35' title="bbox 221 4211 1273 4286; baseline 0.001 -15"><span class='ocrx_word' id='word_1_280' title='bbox 221 4216 289 4271; x_wconf 87' lang='lat' dir='ltr'><strong>tinui</strong></span> <span class='ocrx_word' id='word_1_281' title='bbox 312 4217 411 4286; x_wconf 80' lang='lat' dir='ltr'><strong>igitur,</strong></span> <span class='ocrx_word' id='word_1_282' title='bbox 434 4214 486 4272; x_wconf 87' lang='lat' dir='ltr'><strong>sed</strong></span> <span class='ocrx_word' id='word_1_283' title='bbox 506 4213 606 4270; x_wconf 77' lang='lat' dir='ltr'><strong>seclusi</strong></span> <span class='ocrx_word' id='word_1_284' title='bbox 629 4232 648 4270; x_wconf 81' lang='lat' dir='ltr'><strong>o</strong></span> <span class='ocrx_word' id='word_1_285' title='bbox 663 4214 861 4274; x_wconf 73' lang='lat' dir='ltr'><strong>Ciceronianis.</strong></span> <span class='ocrx_word' id='word_1_286' title='bbox 888 4231 917 4274; x_wconf 86' lang='lat' dir='ltr'><strong>v.</strong></span> <span class='ocrx_word' id='word_1_287' title='bbox 935 4215 984 4282; x_wconf 77' lang='lat' dir='ltr'><strong>tt,</strong></span> <span class='ocrx_word' id='word_1_288' title='bbox 1004 4213 1062 4270; x_wconf 79' lang='lat'><strong>173.</strong></span> <span class='ocrx_word' id='word_1_289' title='bbox 1090 4211 1192 4282; x_wconf 59' lang='lat' dir='ltr'><strong>etho,</strong></span> <span class='ocrx_word' id='word_1_290' title='bbox 1210 4213 1273 4272; x_wconf 83' lang='grc'><strong>180.</strong></span> 
     </span>
    </p>
   </div>
   <div class='ocr_carea' id='block_1_6' title="bbox 0 0 1342 4782">
    <p class='ocr_par' dir='ltr' id='par_1_9' title="bbox 0 0 1342 4782">
     <span class='ocr_line' id='line_1_36' title="bbox 0 0 1342 4782; baseline 0 1"><span class='ocrx_word' id='word_1_291' title='bbox 0 0 1342 4782; x_wconf 95' lang='lat' dir='ltr'><strong> </strong></span> 
     </span>
    </p>
   </div>
  </div>
 </body>
</html>
