2644 4774
240 389 303 479 no
327 409 415 478 cro.
438 409 639 482 booron
663 411 753 480 cnr.
774 411 826 480 na.
848 415 900 482 ue.
997 415 1097 490 asa

136 587 181 646 tue
200 567 338 663 norimus]
360 583 468 650 Brutus
490 584 566 648 eninr
585 585 720 666 pontifex
737 591 815 650 erat:
842 585 926 650 Brut.
947 587 1003 666 18,
1023 590 1095 652 212.

62 683 208 748 brunnon.
228 685 303 750 llist.
324 686 360 750 rt.
382 694 402 748 t.
415 685 452 749 11.
470 704 500 767 p.
514 687 567 748 44.

137 787 207 851 157.
250 787 417 864 maenae]
440 786 595 852 deveniunt
611 783 649 848 ad
666 785 795 868 aliquem
810 803 887 868 quae
902 786 985 850 nullo
1001 787 1095 867 ipsius

60 886 145 950 studio
167 889 308 952 meritove
329 905 418 952 caeco
440 888 577 952 fortunae
598 889 706 970 inpetu
728 886 908 950 deferuntur.
950 888 1096 952 Notantnr

61 987 226 1052 Caesariani
254 989 361 1052 milites
392 989 517 1070 aliique·
530 1007 568 1054 ex
594 1005 706 1052 sonmo
730 988 918 1067 ignobilitate
946 989 985 1052 ad
1007 1008 1094 1052 sene·

59 1092 154 1154 torian
171 1091 343 1171 dignitatem
360 1098 389 1154 et
405 1091 533 1154 honores
551 1091 652 1167 erecti,
671 1088 708 1152 de
726 1089 831 1170 quibus
849 1090 953 1154 similis
972 1090 1097 1172 querela

60 1201 145 1256 exstat
167 1211 193 1256 o.
214 1195 249 1269 o,
268 1193 318 1254 24.

131 1293 238 1358 XLIII.
284 1295 355 1358 158.
396 1291 647 1368 inclinatio-cocle]
665 1307 724 1352 non
739 1297 810 1373 puto
822 1288 880 1354 dini
896 1308 996 1356 nocero
1008 1291 1094 1356 nnodo

57 1411 185 1476 asperam
207 1393 293 1458 rnodo
318 1393 493 1470 dulciorem,
517 1401 549 1455 ut
570 1392 632 1457 rnlt
653 1392 806 1472 Meyerus,
836 1410 855 1454 a
877 1411 936 1474 quo
959 1411 1019 1456 non
1041 1394 1095 1456 ab-

57 1503 130 1558 errat
156 1494 344 1575 Bernhardy,
377 1495 403 1557 si
430 1494 516 1558 nrodo
548 1495 611 1558 eius
640 1493 719 1556 diota
743 1501 823 1558 recte
848 1495 1014 1576 perspicio;
1042 1493 1096 1560 sed

55 1613 147 1660 rocem
176 1615 231 1678 per
252 1615 365 1660 omnem
385 1613 524 1660 sonorum
546 1596 684 1658 enrbitnrn
705 1595 811 1658 crebro
833 1595 1034 1672 oberrantem,
1063 1603 1096 1660 ut

55 1697 133 1762 nodo
150 1699 322 1762 acutissima
335 1696 421 1760 modo
439 1695 616 1774 gravisona
631 1695 683 1770 sit,
702 1695 781 1774 quod
797 1696 925 1758 alienum
941 1706 985 1760 est
1004 1698 1096 1761 ariri

52 1796 216 1864 incivitate
236 1799 378 1881 principis
400 1796 557 1876 dignitate,
579 1794 731 1874 alicpuauto
750 1796 967 1858 convenientius
989 1797 1096 1860 debili-

52 1897 102 1962 bns
139 1901 173 1964 in
204 1899 301 1964 iudice
332 1897 483 1962 exorando
521 1895 779 1977 perorationibus,
817 1896 921 1976 poribus
952 1897 1096 1962 Antonius

52 2017 169 2082 operam
190 2001 294 2076 dabat,
315 1999 467 2082 inprimis
490 2004 586 2060 autenr
607 1996 799 2077 expetebatur
823 1997 862 2060 ab
882 1998 1001 2060 Asianis
1021 2015 1097 2062 uoce

52 2109 78 2164 et
101 2104 218 2166 actione
248 2102 350 2166 inania
378 2099 585 2164 sententiarum
609 2097 702 2162 uerbo
729 2096 873 2160 extollere
901 2099 1097 2179 cupientibus.

51 2202 122 2266 Ilino
138 2205 279 2264 turbantur
295 2221 361 2264 cone
376 2202 488 2262 alatne
504 2199 640 2264 dicuntur
659 2198 709 2262 0r.
726 2198 757 2274 8,
771 2200 832 2273 2⁷„
851 2197 930 2280 quod
946 2199 1095 2276 alienissi-

50 2323 123 2368 nnrn
142 2325 163 2368 a
178 2305 295 2385 Meycri
314 2303 474 2378 sententia3
496 2301 657 2384 eodemque
673 2298 797 2362 redeunt
813 2298 987 2378 Quintiliani
1002 2301 1097 2364 uerba

49 2406 99 2470 XI.
122 2410 160 2481 B,
184 2406 271 2481 168„
303 2404 408 2486 quihus
434 2405 632 2464 inclineticnoo
658 2406 750 2478 nocie,
782 2420 856 2484 quas
884 2403 1008 2466 invicem
1036 2403 1097 2466 sibi

49 2505 257 2572 Demosthenes
269 2505 466 2568 &Aeschines
483 2505 671 2586 exprobrent,
687 2521 752 2567 curn
768 2508 877 2564 cantico
895 2504 1094 2570 conferuntur.
1137 2583 1148 2593 ,

47 2608 113 2672 Non
134 2610 243 2674 rectius
264 2607 318 2672 ille
339 2606 375 2670 do
394 2610 534 2686 princtpto
553 2613 687 2666 acwrmo
708 2605 788 2668 diota
806 2605 1007 2670 illustraturus
1030 2615 1096 2670 erat

46 2711 146 2773 corbin
168 2709 204 2772 de
222 2711 273 2774 Or.
290 2709 342 2772 III.
360 2711 398 2783 9,
416 2709 486 2781 33„
508 2724 566 2786 quo
588 2707 656 2767 loco
675 2705 816 2783 Crassus,
839 2708 945 2788 quibus
960 2709 1096 2787 vestigiis

45 2813 172 2892 primurn
187 2810 341 2882 institerit,
361 2809 394 2868 in
415 2805 524 2867 eisdem
545 2806 633 2866 etiarn
646 2821 791 2883 perorare
807 2808 906 2872 solere
924 2826 990 2870 sese
1008 2808 1095 2884 dicit;

45 2913 120 2975 baec
142 2912 218 2974 enirn
239 2915 354 2987 gestum
375 2911 508 2986 spectent
526 2919 582 2964 uec
603 2902 765 2979 ahundant‚
794 2909 850 2968 etsi
869 2910 953 2972 iuxta
975 2911 1095 2992 ponitur

43 3023 141 3073 molus
170 3009 358 3068 mediocritas.
407 3005 489 3068 llaec
518 3003 594 3064 eninr
624 3002 657 3064 in
682 3004 815 3066 monibtrs
845 3008 969 3087 pedibus
998 3013 1095 3092 capito

42 3108 191 3176 movendo
213 3107 357 3182 cernitur,
383 3113 412 3168 et
432 3105 463 3168 in
483 3103 569 3166 Bruti
591 3103 677 3178 loco,
701 3120 786 3182 quern
807 3111 979 3182 tractamus,
1001 3111 1095 3188 sigui-

42 3215 152 3277 nontin
167 3210 266 3274 vorbis
284 3224 341 3270 nort
360 3208 450 3291 osolla
466 3208 583 3264 indatio
599 3208 741 3282 corporis,
761 3223 819 3264 non
837 3205 934 3264 crebro
949 3211 1096 3286 otopploeio

43 3316 142 3394 pocior
170 3311 245 3374 illud
272 3317 368 3374 autem
389 3307 426 3372 de
452 3305 620 3370 insistendis
647 3305 782 3384 uestigiis
801 3305 850 3368 bic
873 3304 977 3369 Cicero
995 3309 1096 3372 reddi-

44 3416 87 3478 dit
115 3415 216 3478 uerbis
240 3413 321 3472 nella
347 3409 543 3471 nummario.
587 3405 789 3470 Gonierendus
818 3407 1014 3486 Quintilianus
1040 3409 1094 3474 XI.

44 3520 81 3593 3,
106 3517 169 3579 126
190 3533 273 3596 opp,
294 3512 467 3578 Giceronenr
488 3515 604 3572 secutus
626 3509 678 3572 0r.
701 3509 755 3584 18,
777 3509 829 3574 59.

134 3619 206 3680 loo.
247 3621 279 3678 tu
302 3633 366 3674 eom
386 3612 483 3690 tapam]
512 3609 587 3674 nibil
613 3610 736 3672 interest
754 3617 850 3674 utrum
871 3610 905 3670 de
927 3611 986 3688 lene
1004 3627 1044 3674 an
1063 3614 1095 3672 io

43 3720 134 3796 teporo
155 3717 286 3790 dicatur;
306 3723 461 3794 utrumque
481 3710 630 3791 significat
651 3711 813 3778 orationem
835 3712 867 3774 in
884 3711 954 3791 lege
968 3711 1095 3788 uersari,

42 3821 88 3882 ito
116 3826 148 3880 ut
171 3818 223 3882 uel
253 3815 411 3880 suadeatur
430 3813 480 3878 ool
501 3811 715 3878 dissuadeatur.
758 3814 841 3877 Brut.
862 3813 922 3888 44,
945 3815 1016 3876 164.
1041 3815 1095 3872 illu

42 3925 75 3980 iro
107 3921 196 3996 depono
226 3920 375 3996 Gnnptonio
406 3919 509 3976 oratio.
557 3913 693 3976 Alienum
725 3921 782 3987 est,
814 3912 894 3992 quod
920 3912 1095 3974 discriminis

44 4018 243 4084 constituendi
263 4037 355 4085 causa
376 4016 501 4082 aduocat
519 4013 707 4093 Bernhardy,
730 4011 1008 4092 optinorum:
1031 4030 1095 4070 oum

43 4142 90 4182 res
113 4125 179 4199 lpse
200 4118 391 4190 admonuerit,
411 4126 443 4177 ct
462 4120 494 4176 iot
511 4133 559 4174 eoo
572 4115 702 4176 dicernere
722 4113 743 4176 i.
762 4127 789 4176 e.
809 4111 848 4176 ad
862 4129 914 4176 eoo
931 4126 1094 4178 termonem

44 4227 265 4299 convertamus,
287 4227 320 4284 ut
337 4220 404 4303 ipse
422 4218 642 4299 interpretatur.
