2646 4772
237 343 336 418 240
558 335 963 408 axenlctrloltns

322 513 361 574 ul
380 511 523 592 madan]
545 512 626 594 apud
645 511 804 594 populum
824 530 853 574 v.
873 511 1025 574 lleinainn
1043 510 1076 572 in
1098 507 1184 575 ovio.
1200 511 1276 574 Fusa

237 615 287 682 lv.
315 616 386 678 310.
424 612 576 676 llariaium
601 614 632 674 in
660 613 722 677 Gie.
750 613 838 675 Tuae.
866 611 917 675 llL
940 615 992 674 21.
1029 611 1125 675 llantl.
1153 613 1273 676 Turseli.

238 715 339 782 roll.
368 733 398 797 p.
419 717 472 778 94.
516 713 621 778 Gioero
647 714 727 776 infra
755 731 781 776 n
804 716 861 788 20,
882 715 940 776 6⁰:
969 733 1032 772 uam
1055 712 1160 794 (Cato)
1181 714 1275 773 -ul

236 817 372 898 papalem
397 835 510 876 aem
532 820 707 876 contentione
728 815 856 874 dirimet.
899 815 956 890 84,
979 813 1058 879 289ι
1083 820 1118 876 ia
1139 819 1274 875 comitiam

236 923 367 990 aenioot,
392 917 431 978 ud
450 925 571 976 nanum
592 916 710 975 iudicem
730 916 834 976 eliaam.

324 1037 358 1106 Q.
380 1033 541 1110 Moenus]
565 1032 601 1094 tle
622 1033 710 1094 luiue
730 1031 820 1094 lande
840 1033 975 1096 oratoria
994 1051 1023 1095 r.
1043 1031 1276 1096 Plutarchumin

238 1138 308 1204 vita
328 1154 354 1198 n.
372 1139 415 1210 l.;
435 1133 472 1197 (le
491 1135 548 1197 loe
570 1140 600 1196 et
616 1134 653 1213 Q.
667 1133 793 1198 Metello
815 1133 936 1197 nonnula
957 1133 1066 1198 auls
1086 1151 1142 1196 noa
1162 1134 1193 1194 in
1209 1149 1275 1214 pro-

237 1239 318 1319 tere·
341 1236 369 1320 t·
388 1239 418 1299 ⁷·

320 1355 386 1420 XV.
429 1353 528 1430 eorm]
551 1352 572 1414 i.
595 1369 621 1415 e.
642 1359 779 1416 testatum
800 1360 859 1428 eet;
880 1373 908 1417 r.
930 1352 1032 1435 Expll.
1054 1352 1092 1415 ad
1115 1352 1153 1415 (le
1174 1353 1225 1416 0r.
1242 1351 1274 1414 ll.

238 1461 294 1532 22,
314 1459 366 1520 93.
409 1455 594 1536 Explicatiue
618 1453 692 1516 dixit
710 1455 800 1514 ittarta
822 1463 936 1515 aarum
954 1455 975 1517 i.
994 1473 1020 1518 e.
1040 1455 1073 1517 in
1088 1453 1275 1518 monumentis

236 1558 390 1626 literarum
410 1557 549 1637 seripmn
570 1572 637 1619 eene
658 1555 747 1619 Tuae.
768 1553 791 1617 l.
816 1557 871 1632 16,
894 1557 945 1619 38.

321 1679 367 1738 M.
386 1675 533 1734 emaum
552 1673 696 1752 cethemo]
723 1673 827 1736 nonnul
850 1691 914 1736 num
933 1673 967 1736 P.
991 1673 1168 1755 Sempronio
1190 1672 1276 1736 Tuli-

237 1783 307 1840 tano
329 1794 357 1838 a.
377 1775 454 1849 550;
476 1781 606 1837 mortnue
627 1795 655 1836 a
677 1775 756 1850 558,
777 1781 851 1837 teste
870 1774 957 1838 livio
975 1773 1102 1838 XXXII.
1124 1778 1155 1838 4.

320 1891 373 1956 58.
414 1911 471 1952 aoa
497 1893 567 1970 tom]
596 1938 616 1968 ‚,
624 1893 852 1974 comparationis
879 1892 938 1956 uim
963 1889 1045 1970 (nam
1070 1901 1206 1974 apertum
1227 1893 1276 1955 uh-

239 1994 352 2057 aeuriue
373 1993 503 2072 intelligi
517 2013 603 2072 quum
623 1996 708 2054 oelka
726 1984 895 2073 maerore)
911 1993 1002 2074 paulo
1020 1994 1125 2057 melius
1142 1994 1276 2074 agnosei-

237 2113 301 2159 mut
328 2095 359 2156 in
385 2093 483 2157 Divina
505 2093 541 2156 ll.
563 2096 618 2156 37:
647 2104 731 2174 atquo
757 2097 826 2154 bueo
850 2099 882 2154 io
909 2094 980 2154 ballo
1006 2096 1091 2172 pierre
1119 2105 1146 2155 ot
1169 2101 1276 2156 ntoioto

237 2198 367 2259 oideottor
385 2195 545 2255 timentibus
549 2217 560 2269 3
582 2195 678 2255 eudem
699 2215 756 2257 ooo
771 2205 833 2256 tum
850 2196 1114 2256 animadvertuntur
1128 2202 1160 2256 io
1175 2201 1278 2275 pnoo.“

238 2298 413 2372 amaturae.
445 2296 556 2360 Melius
578 2296 748 2377 Madvigius
768 2297 800 2359 in
822 2297 885 2362 Cia.
906 2297 971 2361 Fin.
992 2316 1024 2379 p.
1046 2297 1084 2362 5:
1107 2297 1279 2378 „signifieat

237 2417 296 2462 non
313 2405 373 2460 tam
388 2416 453 2460 ease
470 2398 735 2480 suaviloquentiam
750 2417 826 2460 nune
845 2399 876 2459 in
887 2399 1065 2474 oratorlbns,
1081 2418 1172 2480 quam
1188 2400 1279 2481 ipsam

236 2498 414 2561 laudandam
435 2507 463 2560 et
483 2499 689 2580 requirendam
710 2517 784 2562 enee.
792 2501 812 2529 ‘⁴
852 2500 952 2565 Verba
978 2501 1071 2580 igitur
1094 2500 1152 2562 illa
1171 2501 1223 2559 sal
1241 2507 1278 2557 eet

238 2619 272 2659 ao
290 2600 353 2658 luae
375 2621 403 2662 κ.
426 2619 453 2662 n.
478 2597 507 2663 λ.
529 2601 709 2683 respondent
727 2618 907 2683 praegresso
925 2610 994 2662 tum.

238 2759 245 2772 .
320 2716 375 2792 ttae
396 2717 533 2778 delibatos
547 2721 655 2798 populi]
676 2721 817 2799 Meyerus
834 2717 1078 2800 explicationem
1094 2736 1133 2782 ex
1149 2719 1276 2782 omnibns
1317 2769 1318 2802 f

236 2817 358 2882 floribus
380 2817 560 2901 decerptum,
580 2820 682 2884 liorem
703 2822 831 2883 omnium
850 2821 955 2883 lorum
975 2821 1101 2883 maxime
1123 2819 1276 2892 delectum

238 2921 384 2984 Gennarus
401 2918 572 2985 Columnam
587 2922 676 2989 Ennii
697 2921 839 2986 editorem
860 2929 975 2984 secutus
995 2923 1201 3004 incorruptum
1221 2922 1276 2984 illi-

236 3025 393 3106 batumque
410 3023 473 3088 uult
493 3023 634 3103 intelligi,
657 3025 790 3104 sequitur
802 3021 976 3102 Bernhardy
992 3041 1170 3105 conparans
1188 3025 1277 3088 Grae-

237 3145 337 3190 eorum
349 3133 503 3209 poetarum
514 3113 620 3200 ὄνθος
631 3115 808 3212 ἀκήρατον,
828 3121 936 3211 κῆπον
944 3119 1088 3208 χαρίτων
1099 3119 1276 3212 ἐξαίρετον.

235 3229 349 3293 Vellem
365 3227 465 3289 doceri
483 3223 629 3308 quomodo
650 3225 682 3288 id
697 3227 729 3287 in
746 3225 893 3289 uocabulo
909 3225 1047 3284 delibatos
1061 3225 1162 3286 inesse
1175 3226 1277 3306 possit

236 3329 368 3389 menoare
385 3334 429 3389 eet
445 3320 621 3407 γεύεσθαιε
638 3326 693 3402 tiae
712 3327 850 3386 deotatus
863 3325 961 3404 popolo
977 3333 1030 3402 est,
1048 3344 1135 3408 quem
1151 3327 1277 3409 pupulus

232 3429 359 3493 libenter
379 3427 530 3508 degustat,
551 3429 571 3491 i.
595 3446 620 3490 e.
643 3429 800 3510 prolatet
821 3427 929 3506 diligit.
1148 3441 1150 3450 ·

318 3547 370 3612 59.
412 3556 445 3606 ot
480 3549 553 3606 euim
584 3547 705 3606 lomtaia
736 3544 887 3622 iuuentam]
920 3543 959 3605 ad
985 3561 1150 3607 sermonem
1181 3544 1280 3610 confer

236 3665 261 3710 o.
284 3651 340 3722 21,
361 3650 418 3711 83:
441 3647 474 3706 de
493 3650 584 3724 ipaioa
604 3647 689 3706 Laeli
706 3655 733 3705 at
748 3648 891 3723 Scipionis
911 3665 1072 3724 quanquam
1093 3666 1129 3706 ea
1150 3656 1195 3707 eat
1216 3653 1279 3716 lom,

235 3757 268 3807 ot
294 3749 455 3826 ommam
486 3747 628 3808 tenatur
655 3746 803 3816 ambobus,
835 3745 944 3806 dieeodi
969 3753 1065 3805 tamea
1089 3747 1155 3806 lueto
1184 3759 1231 3808 eet
1255 3753 1281 3806 io

237 3849 337 3909 laelio
361 3849 517 3922 illustrium
544 3848 596 3910 uhi
623 3849 687 3907 tona
713 3845 753 3908 ad
779 3846 937 3908 membrum
958 3847 1041 3928 prius
1063 3865 1279 3928 quemquamne

235 3959 277 4011 eat
297 3949 512 4015 retrahendum.
554 3948 697 4012 lnlieauit
717 3948 867 4028 Meyerua.

319 4053 486 4129 Suadaeque
512 4049 645 4127 metullo]
678 4057 745 4113 ante
771 4049 874 4114 oeulos
901 4047 1004 4113 habuit
1023 4047 1229 4125 Quintilianus
1248 4045 1279 4108 ll.

241 4151 290 4229 ’5,
311 4154 342 4214 4.
