2640 4780
248 386 279 407 ”
360 409 552 484 sauros
582 410 746 482 11111.
983 411 1077 486 sor

47 581 109 649 cius
148 579 315 665 diligentia
352 578 519 650 Corneliae
556 583 665 648 matris
705 599 726 647 a
763 593 860 668 puero
898 579 1007 648 doctus
1045 593 1077 652 ct

47 699 162 766 Graecis
190 699 293 766 literis
321 698 469 768 eraditus
520 719 594 768 nam
620 717 744 788 semper
770 696 879 764 babuit
904 702 1076 785 exquisitos

48 815 208 884 eGraecia
236 819 422 902 magistros,
449 819 483 884 in
511 819 558 884 eis
586 819 650 886 iam
673 816 860 884 adolescens
881 814 1076 904 Diophanem

45 932 271 1020 Mytilenaeum,
306 933 461 1002 Graeciae
490 935 680 1023 temporibus
708 934 773 1002 illis
807 935 1074 1018 disertissumam

46 1053 91 1118 sed
114 1056 143 1118 ei
169 1051 268 1120 breve
292 1063 413 1141 tempus
440 1055 547 1138 ingeni
575 1053 711 1138 augendi
739 1063 769 1120 et
796 1053 980 1122 declarandi
1009 1055 1075 1124 fuit
1166 1089 1169 1104 »

47 1169 104 1234 105.
132 1168 252 1248 Carbo,
282 1171 365 1257 quod
390 1173 456 1240 vita
482 1171 703 1259 suppeditavit,
733 1181 780 1240 est
808 1174 842 1238 in
867 1172 971 1240 multis
995 1175 1076 1242 iudi-

47 1289 93 1352 ciis
120 1290 290 1376 causisque
322 1291 475 1376 cognitus.
526 1288 607 1356 hunc
640 1291 692 1378 qui
717 1289 881 1360 audierant
909 1294 1076 1379 prudentes

48 1403 185 1486 honines,
218 1409 253 1474 in
280 1407 392 1494 quibus
419 1406 586 1476 familiaris
611 1385 719 1476 noster
741 1405 778 1474 L.
803 1407 940 1490 Gellius,
964 1417 1075 1500 quise

48 1521 86 1588 illi
103 1525 358 1592 contubernalem
378 1527 412 1591 in
433 1524 597 1592 consulatu
618 1525 717 1592 luisse
738 1526 903 1608 narrabat,
927 1549 1076 1602 canorum

48 1652 184 1710 oratorem
208 1653 241 1711 et
267 1643 438 1711 volubilem
465 1653 496 1710 et
522 1645 600 1710 satis
629 1663 748 1723 acrem,
776 1656 868 1732 atque
891 1650 1023 1718 eundem
1045 1663 1076 1720 11

47 1757 239 1830 uehementem
262 1771 294 1828 et
312 1761 406 1828 valde
423 1760 545 1828 dulcem
561 1770 591 1828 ct
608 1762 800 1849 perfacetum
818 1745 920 1832 fuisse
937 1767 1075 1838 dicebat:

49 1876 164 1956 addebat
190 1879 377 1948 industrium
403 1880 497 1946 etiam
519 1889 550 1946 11
571 1879 752 1964 diligentem
774 1885 857 1948 etin
879 1889 1076 1956 exercitatio·

46 1993 122 2062 nibus
151 1995 526 2081 commentationibusque
553 1995 679 2062 multum
708 2018 823 2084 operae
850 2001 974 2070 solitam
997 2025 1075 2086 ,csse

45 2128 149 2195 ponere.
193 2117 270 2184 106.
298 2113 357 2182 Hic
388 2123 528 2201 optamus
556 2112 622 2180 illis
642 2114 832 2201 temporibus
859 2128 907 2184 est
926 2129 1075 2206 patronus

46 2203 150 2300 ia'bttus
186 2253 291 2321 eoque
320 2233 421 2300 iorum
446 2240 569 2298 tenente
600 2230 691 2318 plura
719 2231 788 2298 fieri
815 2234 933 2304 iudicia
964 2257 1076 2328 coepe-

47 2359 108 2415 mnt
136 2349 218 2420 Nam
245 2362 275 2418 et
291 2352 492 2438 quaestiones
513 2359 680 2438 perpetuae
701 2349 763 2418 boc
786 2352 985 2424 adolescente
1001 2379 1077 2427 can-

48 2466 266 2548 clamasunt,
300 2489 380 2556 quae
411 2479 505 2538 antea
529 2467 637 2538 nullae
663 2469 800 2538 suerunt:
827 2469 865 2538 L.
897 2479 980 2542 enim
1000 2477 1075 2548 Piso

47 2582 167 2654 tribunus
188 2588 294 2676 plebis
315 2587 419 2674 legem
439 2589 557 2675 primus
573 2587 611 2654 de
634 2591 775 2675 pecuniis
796 2593 974 2678 repetundis
995 2595 1077 2665 Cen-

50 2705 137 2772 sorino
170 2717 201 2774 et
230 2704 366 2772 Manilio
399 2704 581 2774 consulibus
606 2705 676 2772 tulit
706 2709 786 2794 (ipse
820 2711 915 2776 etiam
940 2712 1015 2782 Piso
1047 2728 1078 2784 at

49 2835 145 2890 causas
167 2826 248 2910 egit,
271 2832 302 2890 et
324 2823 488 2890 multarum
507 2823 613 2906 legum
635 2833 688 2888 aut
709 2834 818 2892 auctor
839 2837 892 2892 aut
914 2829 1078 2900 dissuasor

49 3047 132 3102 puncto
145 3042 292 3117 supposito
310 3040 387 3110 quasi
404 3038 520 3094 mendae
536 3038 622 3110 signo.
636 3067 671 3078 -
689 3037 742 3094 sed
759 3041 798 3109 et]
815 3040 971 3104 Lambinus.
999 3049 1077 3107 Libri

49 3121 90 3174 sed
105 3133 138 3181 et.
156 3157 193 3168 -
221 3126 333 3197 torpeat]
352 3125 403 3197 bg.
421 3125 446 3179 8.
465 3125 506 3180 51.
525 3123 567 3178 53.
586 3123 627 3178 70.
654 3123 718 3180 Vei.

103 3209 157 3268 105.
194 3209 274 3283 qaod
285 3211 361 3278 otta]
380 3227 437 3281 qao
449 3209 510 3264 libri
523 3209 583 3264 iere
598 3225 707 3275 omnes3
726 3213 826 3282 quoad
842 3213 910 3271 Ven.
922 3215 947 3272 2
972 3217 1022 3291 bg.
1035 3219 1078 3276 35.

49 3289 82 3345 ed.
98 3311 135 3362 pr.
170 3296 252 3368 qaod
269 3295 370 3362 Aldus,
395 3295 454 3348 iure
473 3295 688 3348 commendatum
707 3314 724 3349 a
741 3296 886 3370 Madvigio
904 3300 1038 3358 Emendd.
1058 3305 1078 3360 1.

49 3387 69 3440 p·
85 3377 122 3434 il.
143 3389 170 3435 11
187 3381 314 3452 Zumptie
332 3381 430 3435 Aecus.
448 3379 528 3434 Verr.
546 3380 580 3434 V.
600 3380 711 3446 39,,76.
746 3381 901 3439 Barbarum
920 3397 961 3442 est
979 3391 1080 3458 quoad

49 3466 71 3510 ct
86 3479 101 3512 a
115 3469 248 3522 seutemia
266 3466 399 3532 alienum3
422 3483 478 3520 non
502 3468 573 3520 enim
598 3467 634 3520 de
651 3467 820 3536 longitudine
837 3470 912 3524 vitae
932 3477 1080 3542 (lineariter,
1100 3501 1102 3506 .

48 3544 89 3597 sed
105 3565 183 3606 carrea
204 3552 318 3607 affertur
336 3569 384 3606 cur
401 3551 490 3606 multis
510 3552 598 3612 causis
616 3552 730 3620 agendis
749 3554 872 3622 cognitus
890 3557 934 3610 sit.
948 3588 984 3597 -
1011 3575 1079 3614 aaa·

48 3629 147 3704 delata]
162 3645 270 3708 senata
287 3637 338 3709 Lg.
353 3636 395 3692 33.
407 3667 442 3678 -
460 3643 489 3690 11
506 3635 716 3701 aebeateatam]
735 3636 812 3705 pauit
831 3646 895 3692 ante
913 3649 1000 3714 atque
1015 3663 1082 3703 ean.

50 3709 270 3788 demanoamus,
286 3723 367 3792 plane
382 3721 650 3787 contracertantiam
662 3719 724 3776 loci.
736 3751 770 3760 -
789 3722 922 3788 diceban
940 3727 1082 3800 addebat]

48 3790 132 3856 Limb.
150 3803 268 3878 Meyero
288 3807 418 3878 probatas
437 3805 575 3860 dicebant
594 3803 839 3864 1111111111-
857 3821 1081 3870 commentatio·

50 3879 187 3958 uitasque]
212 3890 574 3960 aomnreadatioatdasqae
597 3888 648 3962 bg.
670 3889 696 3946 8.
716 3889 759 3945 20.
783 3891 891 3959 35.,51.
911 3897 953 3950 58.
986 3899 1037 3952 Gu.
1057 3899 1079 3951 l.

51 3975 313 4046 meditantemque
330 3975 381 4047 Lg.
398 3977 441 4032 39.
690 3981 693 3988 ’

110 4053 164 4110 litt.
198 4065 385 4130 quaestiones
400 4060 575 4134 perpetuae]
595 4075 622 4129 q.
639 4058 776 4131 padlicae
794 4059 914 4114 malebat
932 4061 1080 4129 Corradus,

51 4146 152 4199 paaeet.
170 4149 367 4214 peecatorem
392 4143 627 4218 repetundarum
650 4143 773 4198 Cuiacius
800 4159 881 4200 unam
906 4145 1081 4214 Calpurniam

51 4211 128 4287 111111
138 4237 272 4296 spectans.
299 4229 358 4286 Sed
370 4231 467 4290 Cicera
483 4230 612 4290 universe
626 4229 751 4300 loquitur.
760 4257 795 4270 --
809 4226 942 4300 famant]
955 4227 1082 4300 fueraut
