2644 4774
197 411 293 484 454
597 405 748 478 INDEX
790 407 843 479 111.

198 579 343 636 Philistus
360 577 504 634 historicus
520 578 563 635 66.

197 665 287 722 Pliilo
303 664 482 738 philosophus
499 664 560 720 366.

197 752 331 824 Pltpsica
349 768 413 823 pars
432 750 615 820 nodosissimo
632 750 825 824 philosophiae
842 752 885 808 31.

196 837 343 894 Picarias
360 839 388 892 in
404 837 475 892 silve
493 837 553 890 Silo
568 837 611 892 85.

196 923 304 980 Pictos
320 923 437 994 scriptor
453 921 554 993 Lysias
570 922 629 978 993.

197 1007 379 1066 Pisistratus
397 1008 530 1078 eloquens
546 1008 589 1064 97.
899 1075 902 1080 ¹

200 1095 230 1150 0.
249 1094 323 1150 Piso
341 1092 452 1146 939-
476 1093 558 1160 alius,
578 1091 718 1150 Ciceronis
736 1110 821 1166 gener
837 1092 897 1148 979.

196 1179 231 1236 Ι..
250 1179 326 1236 Piso
345 1178 439 1250 diupi
457 1177 515 1234 196.

201 1265 251 1322 Cn.
268 1264 433 1337 Pompeius
450 1261 561 1318 Strabo
582 1263 639 1319 175.

89 1383 91 1390 ·
193 1370 251 1427 pro
272 1351 321 1406 Cn.
340 1349 481 1422 Pompeii
498 1348 582 1404 lonis
600 1348 672 1426 sotio
690 1346 749 1402 996.

199 1436 233 1502 Q.
253 1436 418 1508 Pompeius
436 1433 535 1504 Rufius
553 1435 614 1490 966.
785 1443 788 1448 ’

200 1521 249 1577 Gn.
268 1520 452 1592 Pomponius
470 1528 565 1573 orotor
582 1519 642 1574 967.

195 1605 239 1678 M.
259 1604 417 1660 Pontidius
434 1604 494 1658 946.

197 1692 233 1748 Ρ.
253 1691 393 1764 Popilius
411 1688 452 1744 Ti.
470 1688 587 1742 Gracchi
604 1689 726 1744 inimicus
744 1689 787 1744 95.

197 1775 310 1832 Porcia
327 1791 394 1848 gens
411 1773 528 1828 Tusculo
548 1782 610 1829 orta
626 1774 686 1830 994.

196 1863 273 1919 Post
289 1862 424 1917 homines
441 1866 529 1915 natos
546 1861 650 1916 locutio
667 1859 766 1914 Lucilii
785 1859 845 1914 994.

195 1947 393 2020 Prloileplum
412 1945 455 2004 69.

197 2033 368 2089 Producere
384 2033 412 2086 in
432 2034 587 2088 contionem
603 2030 662 2086 917.

196 2117 411 2190 Protlmsteron
429 2117 472 2174 49.

196 2203 242 2260 Μ.
261 2203 383 2278 Pupius
401 2202 475 2258 Piso
496 2201 552 2257 cot
571 2206 715 2258 ornianus
732 2203 792 2258 936.

196 2289 282 2349 Pura
300 2298 328 2345 et
347 2289 473 2346 illustris
490 2221 622 2346 brevitas
638 2289 666 2344 in
684 2288 799 2344 historio
814 2287 874 2343 969.

86 2525 89 2532 ’
198 2525 264 2590 Quo
282 2525 318 2578 de
335 2542 369 2578 re
385 2528 486 2596 aptior
503 2525 620 2580 formula
637 2527 703 2580 iuris
721 2526 781 2580 974.

198 2610 342 2675 Quaestio
362 2617 389 2663 et
407 2611 577 2682 disquisitio
597 2613 724 2666 distincta
740 2612 782 2666 87.

198 2695 375 2761 Quaestoria
386 2701 579 2768 prouocatio,
600 2699 665 2752 item
685 2701 766 2751 ratlo
783 2696 843 2751 919.
1315 2737 1316 2744 .

198 2781 296 2846 Quom
313 2798 387 2846 non,
406 2799 497 2852 quum
510 2783 607 2839 nullus
620 2783 680 2839 917.
694 2809 730 2825 κ-
748 2790 812 2854 post
829 2797 923 2852 quam
939 2781 1061 2837 inversio
1076 2777 1240 2851 pronominis
1315 2773 1316 2778 ’

198 2949 345 3016 Quattuor
363 2951 511 3006 coloribus
526 2953 568 3006 nsi
586 2951 706 3022 pictores
723 2963 834 3010 veteres
851 2953 893 3008 76.

198 3035 335 3100 Quodam
352 3037 441 3091 modo
459 3035 629 3107 ἁμωςγέπως
650 3036 707 3092 149.

194 3256 395 3312 Recondltum
414 3259 514 3326 poe‘nns
532 3255 589 3311 191.

194 3341 308 3397 Rectus
325 3341 360 3395 de
378 3341 486 3396 dicendi
505 3359 527 3397 s.
545 3341 681 3396 scribendi
699 3360 800 3414 genere
817 3343 876 3400 969.

195 3425 323 3496 Referre
340 3426 375 3480 de
393 3427 527 3481 monitore
544 3428 643 3482 dictum
662 3427 721 3484 391.

194 3511 294 3583 Repio
315 3511 499 3584 dispensatio
519 3513 577 3584 iq.
596 3515 730 3584 pecuniae
747 3515 840 3587 regine
857 3513 916 3570 319.

193 3597 341 3667 Relinque
363 3599 380 3650 i.
399 3614 424 3667 q.
445 3599 539 3652 omitto
557 3597 600 3654 76.

193 3680 309 3736 Rhetor
326 3699 382 3736 non
400 3682 471 3736 idem
489 3684 534 3753 qui
552 3692 647 3740 orator
665 3685 707 3742 49.

192 3767 326 3823 Roscius
347 3773 424 3821 octor
441 3767 500 3822 999.

195 3853 229 3919 Q.
249 3851 383 3910 Rubrius
410 3852 502 3908 Varro
522 3853 579 3910 166.
656 3899 659 3906 .

194 4069 366 4129 Salubritas
385 4081 413 4127 et
431 4076 549 4131 sanitas
568 4076 604 4130 de
621 4074 715 4130 verbis
733 4079 760 4128 et
778 4074 904 4128 oratione
921 4072 964 4126 51.

194 4159 230 4213 L.
251 4156 432 4214 Saturninus
451 4159 511 4216 994.
954 4173 957 4176 ·

193 4240 231 4298 Ρ.
251 4241 397 4300 Scowolo
417 4245 542 4316 pontifex
559 4247 707 4312 maximus,
726 4246 791 4300 iuris
809 4244 947 4301 consultus
964 4243 1006 4298 98.
1038 4287 1044 4295 .
