2660 4776
269 393 336 467 84
429 385 578 458 nasos
599 383 898 471 ELOQUENTIAE
921 385 1024 456 ROM.
1045 383 1155 458 fflsr.

354 561 468 629 Caesar
486 564 518 625 in
539 579 593 625 sex
613 562 746 644 patronis
764 567 843 635 erat,
865 557 904 622 ad
925 577 999 641 quos
1021 561 1073 642 qui
1093 577 1147 624 aec
1161 561 1310 625 Antonium

268 683 324 730 nec
350 664 489 730 Crassum
520 665 631 726 habere
659 669 798 745 poterant
830 661 991 740 coningere
1023 661 1159 725 solebant
1175 656 1238 741 (²⁰).
1279 662 1311 724 Et

267 767 454 850 perspicuum
471 771 515 827 cst
530 781 595 838 cnr,
618 781 682 827 cum
700 771 778 826 esset
797 764 917 842 ingenio
935 763 1096 824 cultissimo
1111 769 1141 824 et
1156 761 1309 841 diligenter

268 869 453 949 loqueretur,
489 883 550 928 non
581 872 677 926 tamen
708 865 876 947 peruenerit
907 865 939 926 in
969 881 1119 926 nnmerum
1153 864 1312 944 principum

267 976 469 1051 patronorum.
501 965 613 1028 Deerat
635 967 710 1027 enim
731 965 914 1030 vehementia
928 959 990 1044 (²¹).
1027 965 1139 1027 Contra
1159 965 1236 1026 nihil
1258 966 1311 1026 eius

214 1092 217 1097 ·
269 1070 405 1134 oratione
426 1067 551 1130 facetius
571 1068 713 1129 urbanius
740 1068 885 1130 suauitate
917 1074 945 1128 et
966 1066 1070 1147 lepore
1092 1063 1240 1126 conditius
1258 1061 1312 1144 (²¹).

165 1165 177 1184 ⁸
267 1171 337 1236 Iure
361 1171 454 1248 igitur
479 1169 547 1230 lruic
570 1166 675 1231 Cicero
702 1167 839 1229 inlibris
868 1166 904 1228 de
926 1167 1053 1229 Oratore
1073 1167 1257 1247 prouinciam
1283 1165 1312 1226 de

270 1271 383 1352 salipus
406 1277 434 1332 et
451 1269 567 1330 facetiis
590 1269 729 1332 oratoriis
752 1267 916 1331 disserendi
936 1267 1120 1330 demandauit
1142 1275 1171 1330 et
1190 1268 1240 1329 hie
1259 1267 1315 1328 illic

270 1371 407 1452 exempla
428 1369 571 1432 dictorum
600 1388 637 1432 ex
659 1371 721 1431 cius
744 1369 926 1432 orationibus
954 1368 1127 1450 deprompta
1152 1371 1314 1451 interponit.

269 1472 382 1538 Eadem
396 1469 512 1532 indoles
534 1487 572 1529 ex
588 1469 752 1548 tragoediis
770 1470 852 1548 eius,·
872 1488 945 1550 quas
968 1488 1005 1532 ex
1022 1470 1143 1534 Graecis
1161 1488 1315 1552 expressas

269 1574 364 1636 fuisse
386 1570 515 1634 dubitari
537 1587 595 1632 non
611 1577 721 1652 potest,
745 1569 892 1650 spirabat3
914 1589 1038 1651 quarum
1055 1571 1224 1634 fabularum
1245 1587 1315 1632 nnnc

271 1674 367 1738 adhuc
395 1671 514 1754 quidam
542 1671 682 1735 uersiculi
714 1677 870 1752 supersunt
900 1679 1023 1752 propter
1051 1671 1231 1752 elegantiam
1264 1691 1316 1734 mon

271 1772 473 1839 contemnendi
486 1766 547 1850 (²³).
593 1771 771 1860 Causarum,
795 1790 869 1852 quas
891 1773 967 1850 egit,
989 1790 1103 1854 paucae
1127 1774 1247 1836 nomine
1268 1791 1315 1835 no-

270 1884 320 1939 tae
353 1881 438 1948 sunt;
472 1873 629 1954 pauciores
662 1873 749 1936 etiam
781 1873 947 1936 orationum
977 1873 1132 1954 reliquiae.
1187 1876 1317 1938 Omnium

270 1976 456 2040 nobilissima
484 1981 529 2038 est
558 1978 701 2034 dumsatio
726 1978 759 2032 Τ.
781 1973 906 2057 Albucii·
926 1990 963 2035 cx
989 1976 1143 2054 prouincia
1170 1976 1316 2049 Sardinia,

271 2096 360 2160 qnam
386 2077 504 2138 biennio
532 2083 654 2157 praetor
677 2082 812 2150 rexerat,
840 2073 1068 2154 repetundarum
1094 2078 1140 2138 rei
1161 2076 1195 2140 G.
1220 2079 1317 2141 Mario

269 2179 388 2242 tertium
408 2178 444 2242 L.
465 2177 589 2240 Aurelio
612 2176 716 2238 Oreste
744 2176 912 2238 consulibus
940 2195 967 2237 a.
990 2177 1068 2252 6513
1095 2177 1126 2238 in
1147 2197 1210 2259 qua
1233 2195 1318 2240 causa

271 2299 337 2342 oum
359 2278 411 2342 Gn.
433 2278 575 2358 Pompeio
597 2277 745 2340 Strabone
771 2285 838 2339 uter
862 2277 1044 2358 potissimum
1070 2287 1229 2342 accusaret
1252 2279 1319 2341 disi-

270 2381 392 2444 naticne
420 2377 568 2440 contendit
585 2372 648 2458 (²⁴).
693 2377 864 2456 Gaesarem,
893 2382 945 2460 qui
971 2389 1077 2463 postea
1102 2381 1234 2443 dictator
1261 2380 1319 2452 fuit,

270 2482 303 2543 in
329 2477 383 2544 Gn.
408 2477 570 2540 Dolabella
596 2478 761 2541 accusando
789 2498 821 2541 se
846 2480 886 2542 ad
913 2483 1033 2561 cognati
1059 2483 1104 2544 sui
1130 2482 1321 2544 imitationem

273 2580 473 2662 composuisse
493 2579 592 2642 ierunt
614 2588 702 2662 atque
725 2588 839 2660 partem
862 2584 1005 2644 orationis
1028 2584 1090 2644 eius
1111 2589 1205 2644 totana
1227 2591 1322 2644 traus-

271 2681 376 2744 tulissc
395 2681 428 2742 in
447 2679 653 2746 divinationem
675 2699 757 2743 suam
773 2678 837 2760 (25).
873 2683 987 2746 Deinde
1004 2685 1156 2743 scurrone
1174 2683 1323 2745 hominen

271 2781 405 2862 ignotum
425 2782 455 2842 in
478 2797 569 2844 causa
589 2784 677 2862 graui
696 2781 840 2844 defendit:
860 2784 886 2844 is
907 2785 1024 2864 insigne
1044 2791 1149 2865 postea
1164 2783 1328 2865 prauitatis

272 2889 303 2976 et
322 2881 434 2962 ingrati
456 2883 545 2945 animi
568 2883 770 2947 documentum
790 2882 922 2948 Caesare
942 2883 1142 2948 interficiendo
1165 2883 1254 2947 dedit
1267 2880 1322 2964 (²⁵).

341 3113 387 3182 20)
407 3113 460 3169 cte
473 3111 553 3168 Brut.
567 3113 611 3179 57,
623 3112 682 3169 aot.
767 3112 812 3182 21)
831 3113 1041 3184 dicasmuta,
1057 3115 1114 3172 177.
1140 3112 1192 3171 Or.
1206 3115 1256 3181 38,
1273 3113 1323 3167 131

145 3196 151 3211 ’
270 3197 319 3266 22)
343 3199 410 3254 vide
428 3198 484 3254 Cic.
503 3195 583 3252 Brut.
601 3197 618 3254 1.
637 3215 660 3252 c.
687 3198 721 3256 cl.
739 3198 789 3266 60,
807 3199 881 3267 ild,
906 3213 960 3278 quo
977 3201 1041 3256 loco
1065 3217 1129 3256 usus
1146 3209 1193 3255 est
1213 3199 1324 3260 Quintil.

272 3280 465 3348 xt.s‚1aa;
491 3281 526 3336 dc
550 3279 598 3337 0r.
617 3281 651 3338 ll.
671 3282 779 3350 mos.
811 3284 937 3352 54,116.
968 3283 1015 3340 111.
1034 3285 1065 3352 8,
1082 3285 1140 3353 30„
1168 3303 1260 3356 quem
1286 3299 1326 3338 ex·

160 3407 166 3416 ,
273 3367 376 3436 carpsit
392 3365 502 3422 Nouius
520 3384 547 3423 v.
566 3365 662 3421 ditare
680 3386 707 3440 p.
724 3368 783 3423 513.
797 3365 902 3436 Merc.;
923 3366 978 3426 Off.
997 3369 1018 3426 1.
1037 3369 1085 3436 ³0,
1105 3369 1163 3426 108.
1195 3369 1284 3424 Tusc.
1297 3366 1327 3422 t.

275 3450 323 3518 19,
340 3450 383 3506 55.
469 3450 516 3519 23)
539 3451 585 3506 De
608 3453 702 3510 indole
726 3453 879 3508 fabularum
901 3471 928 3509 v.
946 3454 1003 3510 cte.
1021 3455 1101 3510 Brut.
1118 3455 1138 3508 l.
1158 3471 1182 3510 c.
1208 3455 1326 3509 ¹Versus

272 3533 310 3592 e'x
327 3535 448 3592 Adrasto
466 3537 539 3607 apud
556 3536 666 3592 Festum
682 3537 808 3610 leguntur
829 3555 856 3593 v.
869 3539 1042 3613 prophetae
1064 3557 1091 3611 p.
1106 3539 1162 3594 202
1180 3539 1275 3596 Limd.
1301 3535 1327 3591 cl.

272 3621 450 3692 Scaligerum.
480 3619 667 3676 Tecmessam
679 3641 730 3693 pro
744 3621 917 3678 Tecemessn
930 3626 1045 3695 primum
1058 3625 1242 3696 inscripsisse
1253 3626 1328 3678 elien

273 3703 392 3758 fabulam
415 3705 480 3758 dicit
496 3705 591 3760 Victor
609 3708 644 3761 de
663 3707 733 3764 orth.
752 3709 770 3764 1.
790 3727 813 3763 c.
848 3709 901 3764 Hic
925 3709 1006 3782 igitur
1025 3710 1129 3766 Caesar
1150 3719 1215 3778 est,
1243 3711 1290 3766 cui
1311 3730 1314 3755 ι

274 3787 417 3860 collegium
435 3791 576 3860 politorum
594 3793 716 3848 venienti
728 3793 760 3849 L.
774 3793 871 3848 Accius
888 3811 943 3850 nou
960 3795 1141 3850 assurrexisse
1159 3795 1270 3850 dicitur
1283 3794 1313 3846 V-

272 3873 344 3928 lerlo
353 3871 476 3930 Maximo
488 3871 534 3929 111.
546 3875 571 3943 7,
583 3875 637 3932 ll.:
652 3895 722 3950 quae
736 3895 820 3933 censa
832 3881 935 3934 erroris
944 3879 1066 3950 Gyraldo
1080 3879 1131 3933 luit
1144 3879 1227 3936 duos
1237 3879 1311 3934 Aeci

271 3957 356 4014 fuisse
373 3962 492 4032 potanti,
519 3962 593 4032 quod
615 3964 651 4018 de
671 3963 805 4018 dictatore
824 3964 944 4019 Caesare
961 3965 1107 4036 cogitabat.
1203 3965 1258 4034 24)
1281 3964 1310 4018 Ci

272 4041 329 4103 Off.
345 4044 378 4102 ll.
397 4047 446 4114 lt,
463 4046 505 4102 50.
533 4064 561 4102 v.
581 4047 794 4120 Heusingerunr‚
820 4051 885 4104 item
909 4049 996 4120 intpp.
1022 4049 1057 4103 ad
1083 4049 1140 4105 Cia
1168 4067 1206 4120 p.
1227 4051 1324 4105 Scau⁸

272 4147 300 4200 p.
318 4129 378 4186 201.
396 4130 491 4187 Beier.
519 4133 583 4189 Div.
609 4133 636 4186 in
661 4133 761 4189 caecil.
780 4133 827 4201 lo,
845 4134 888 4190 63.
975 4133 1021 4202 25)
1044 4135 1160 4190 Sueten.
1185 4135 1279 4192 Caes.
1297 4131 1326 4187 55

272 4213 318 4282 26)
329 4214 390 4270 Val.
397 4215 475 4275 Max.
482 4217 517 4274 V.
524 4217 550 4284 3,
557 4217 582 4276 3.
600 4216 730 4276 Inseritur
740 4219 1024 4292 dictatorisreliquiis:
1035 4219 1232 4292 mlieycrum
1242 4241 1272 4295 p.
