2640 4780
317 457 510 532 ununus
534 459 629 530 cnr.
651 407 776 530 uisne
970 465 1069 542 esu

103 623 170 693 Lii.
194 625 266 693 193.
291 625 359 696 Hoc
380 639 486 698 umen
505 631 652 712 interest,
678 629 761 718 quod
779 627 892 715 uolgus
914 631 1067 702 interdum

29 765 83 812 nou
108 745 304 833 probandum
330 758 486 816 crotonem
512 747 639 838 pruhut,
672 751 728 816 sed
750 745 863 837 probet
887 749 955 816 sinc
981 769 1067 818 eom-

27 867 197 950 parutione:
225 883 295 931 cum
321 885 343 932 ι
372 867 524 934 mediocri
546 870 714 934 autetiam
736 885 756 932 u
778 865 863 934 mulo
884 865 1066 948 delectatur,

28 992 128 1048 coest
150 993 329 1063 contentus,
350 1004 423 1052 esse
446 984 559 1052 melius
580 1005 644 1052 non
662 986 770 1064 sentit,
791 983 885 1064 iliud,
908 984 991 1070 quod
1007 996 1065 1068 est,

25 1100 232 1188 qualecunque
254 1111 316 1181 est,
338 1101 459 1190 probet.
500 1107 585 1168 tenet
606 1104 689 1168 enim
713 1103 799 1168 euris
819 1101 872 1169 vel
893 1101 1062 1172 mediocris

25 1229 136 1299 creton,
162 1221 205 1285 sit
232 1219 325 1286 modo
353 1217 473 1307 aliquid
502 1221 535 1286 iu
563 1239 619 1286 eo:
649 1236 708 1286 uec
729 1239 782 1286 uos
803 1219 871 1286 uile
887 1219 957 1308 pins
980 1219 1062 1309 apud

25 1339 135 1403 enimes
163 1333 339 1418 hominum,
368 1357 461 1428 quum
489 1337 567 1436 ordo
596 1347 626 1404 et
645 1348 773 1404 ornatus
794 1339 946 1407 cretionis
968 1339 1062 1408 velet.

26 1451 88 1520 194.
117 1453 225 1534 Quare
254 1457 324 1544 quis
353 1475 392 1523 ex
412 1455 543 1545 populo,
571 1475 640 1523 cum
662 1454 700 1536 Q.
725 1453 914 1524 Scaeuolam
934 1479 990 1545 pro
1014 1457 1062 1526 M.

24 1566 153 1658 dcpcnio
177 1573 333 1642 dicentem
355 1574 479 1643 audiret
498 1575 531 1641 in
552 1593 593 1642 ee
614 1593 727 1653 ceusu,
753 1574 792 1642 de
814 1595 877 1662 que
898 1587 969 1644 ente
986 1577 1061 1657 dixi,
1160 1569 1163 1577 ’

24 1692 179 1777 quicquam
205 1689 333 1779 polidus
363 1701 416 1760 ιιι
443 1691 620 1777 elegantius
647 1703 701 1758 unt
726 1696 852 1760 omnino
873 1693 985 1762 melius
1008 1705 1062 1762 ant

24 1818 226 1894 exspectaret,
262 1819 315 1876 eut
340 1829 437 1899 posse
464 1809 534 1877 ieri
560 1813 700 1899 putereti
744 1809 818 1876 195.
844 1831 914 1878 cum
943 1813 972 1878 is
999 1809 1060 1878 ime

22 1924 144 2010 probare
166 1926 280 2008 uellet,
302 1927 347 1993 Μ’
365 1926 508 2007 Curium,
530 1947 599 1994 cum
618 1929 664 1996 ite
679 1926 772 1994 iseros
793 1930 949 1995 institutus
966 1939 1061 2007 esset,

21 2044 44 2106 si
65 2044 201 2132 pupillus
228 2054 300 2112 unte
326 2055 465 2112 mortuus
492 2053 594 2123 esset,
627 2063 720 2132 qnam
745 2046 780 2110 in
809 2061 899 2110 suam
930 2045 1060 2112 tutelam

21 2163 164 2244 venisset,
186 2161 305 2251 pupilio
325 2181 390 2230 non
409 2171 484 2230 neto
505 2160 651 2229 heredem
674 2179 747 2228 esse
767 2179 832 2228 non
847 2181 960 2248 posue:
984 2163 1060 2252 quid

20 2323 65 2380 iiio
81 2324 224 2384 taudem?
242 2343 314 2384 mum
330 2327 441 2384 lectore
458 2329 578 2386 censes?
594 2345 631 2386 sc.
650 2325 724 2401 quid
740 2327 794 2384 illa
812 2327 934 2383 tandem
948 2345 1058 2394 censes,

20 2409 71 2468 ie.
92 2416 188 2486 queiic
207 2428 269 2469 esse
289 2429 395 2471 censes.
430 2413 609 2487 Euripideum
631 2421 722 2469 sutem
739 2413 821 2480 iliud,
849 2413 922 2484 quod
943 2429 1061 2469 comme·

19 2507 110 2594 porat,
127 2499 190 2572 ipis.
204 2500 266 2555 Aul.
283 2499 357 2557 1938.
375 2515 432 2556 uon
447 2501 642 2604 distinguemus
660 2489 775 2568 rtd'p
734 2497 800 2572 ·ἀρ
817 2495 872 2570 ἐγώ
890 2515 922 2555 σε
934 2503 1060 2572 πρέσβιν

20 2567 225 2654 cp'iede‘eopeom
244 2586 345 2656 quippe
357 2594 473 2656 propter
486 2571 642 2640 iteratum
625 2606 695 2660 apa,
712 2584 762 2639 sed
778 2583 911 2640 scncsic·
930 2573 1032 2640 rto*
1015 2581 1056 2659 αρ’

20 2664 78 2736 ἓγώς
103 2671 135 2726 σὲ
161 2661 325 2742 πρέσβιν
308 2691 344 2744 up
375 2671 533 2742 ἒςδέξομαις
564 2687 627 2725 num
652 2667 853 2744 ὄρθιτινηιέιν
877 2669 942 2723 iiind
968 2671 1002 2726 σέ
1028 2671 1057 2725 iu

20 2751 119 2823 tulihus,
138 2767 167 2812 u.
181 2757 236 2812 lex.
250 2755 337 2826 Soph.
352 2771 378 2809 ν.
394 2752 448 2825 ἐγώ
464 2763 492 2810 et
505 2750 548 2809 σύ.
581 2751 613 2808 ln
624 2753 713 2810 Bruto
731 2771 787 2808 non
801 2761 893 2823 potest
910 2753 964 2808 dici
981 2754 1058 2826 quta

21 2837 150 2895 murore
165 2839 307 2910 faceres?
324 2839 376 2893 sed
391 2855 451 2892 cum
463 2837 665 2892 Demosthenes
679 2838 768 2891 dictus
780 2845 853 2890 esset
866 2836 982 2891 verbnm
997 2839 1058 2892 siue

20 2935 110 2978 corona
133 2921 227 2980 socero
250 2940 306 2978 non
329 2939 426 2991 posse,
451 2921 487 2974 ad
505 2916 622 2974 Brutum
641 2921 817 2974 conclusione
834 2920 979 2985 transitum
1007 2919 1057 2976 dte

19 3018 112 3072 porro,
139 3006 241 3077 inquit,
260 3019 406 3078 possesne
424 3003 475 3057 tui
510 3003 636 3059 Ceterum
650 3017 809 3076 possesne,
835 3009 864 3059 ri
881 3004 983 3074 primns
1001 3003 1057 3059 Gn·

20 3085 110 3146 dicimus
129 3091 240 3160 scripsit
257 3107 292 3143 ex
307 3088 388 3143 codd.
403 3087 479 3153 Pol.;
497 3087 594 3142 iuvant
610 3104 682 3142 nuuc
700 3087 752 3141 Gu.
768 3089 791 3143 1.
804 3086 828 3142 9.
852 3087 902 3159 Lg.
916 3087 942 3144 8.
957 3088 1000 3144 39.
1014 3089 1058 3145 51.

20 3170 272 3241 decernemus„
297 3175 326 3228 in
350 3173 445 3243 quibus
470 3179 512 3227 est
531 3187 655 3245 posses,
676 3173 745 3225 nisi.
779 3169 851 3227 Reli.
871 3186 995 3245 posses,
1018 3178 1057 3238 et,

19 3255 97 3329 itaque
111 3261 157 3316 ed
170 3277 211 3332 pr.
235 3276 356 3333 posses,
375 3275 429 3336 ont.
442 3262 470 3313 st
482 3257 547 3315 Per.
559 3256 594 3312 D.
607 3283 643 3297 -·
660 3257 771 3324 ueruto]
786 3273 837 3328 per
851 3263 865 3311 t
877 3256 929 3328 Lg.
944 3265 1057 3329 praeter

20 3337 51 3396 91.
70 3346 112 3401 35.
132 3347 190 3412 to,
214 3345 278 3400 item
300 3345 372 3400 Ven.
391 3343 415 3398 1.
446 3339 504 3398 om
533 3341 681 3398 (15.1*
707 3341 893 3412 obiciendus]
917 3343 972 3412 sie,
999 3354 1056 3400 nott

18 3425 93 3487 edite.
112 3431 164 3504 ug.
181 3431 207 3486 8.
226 3431 269 3486 99.
287 3430 330 3485 51.
348 3427 390 3482 53.
409 3427 452 3484 56.
468 3426 511 3484 58.
528 3425 571 3483 58.
590 3427 631 3482 79.
658 3426 709 3482 Gu.
722 3431 752 3485 ,1.
789 3427 824 3484 V.
844 3427 874 3483 9.
890 3427 937 3484 Gr.
954 3429 982 3482 in
998 3429 1054 3484 Cic.

19 3509 46 3565 de
62 3512 109 3571 Or.-
132 3513 153 3570 1.
171 3517 218 3583 49,
237 3516 296 3574 189.
313 3539 350 3556 -·
373 3511 469 3584 facit,
487 3513 639 3586 epitomii]
653 3511 751 3582 fauet,
771 3511 883 3583 apeedt
899 3514 944 3568 ed.
962 3528 1005 3584 pr.
1026 3523 1056 3568 et

17 3609 39 3664 p.
55 3615 111 3656 ver.
137 3601 165 3656 in
182 3601 253 3658 Veu.
268 3601 294 3656 9.
330 3613 398 3654 cum
416 3600 484 3665 illo,
509 3606 657 3668 domuum
675 3613 780 3667 equus,
803 3611 863 3650 more
877 3595 958 3666 facti
973 3597 1055 3654 Lem·

17 3675 99 3751 dinus,
118 3693 266 3758 tanquam
282 3699 373 3758 equus
391 3701 483 3740 nocue
499 3697 559 3740 mort
573 3681 655 3754 facti
668 3679 800 3739 Muretus
817 3681 878 3752 puri
896 3681 1055 3740 iuiuiicitstc
1156 3746 1160 3753 ,

18 3767 193 3838 coniectandi3
210 3779 299 3845 paret
314 3771 477 3826 Wetmelius.
515 3819 529 3828 ,,

75 3853 132 3910 111.
169 3857 226 3914 193.
263 3853 544 3929 oratorempreboi]
560 3860 711 3910 oratorem
725 3865 779 3909 om.
790 3851 833 3907 ed.
843 3869 886 3924 pr.
900 3883 932 3894 ·-
950 3853 1055 3924 colpus

18 3935 190 4005 95189*
154 3943 333 4012 *amalol
351 3959 371 3997 a
389 3953 441 3996 ont.
459 3940 510 4013 Ing.
525 3938 693 4012 proeterffl
705 3939 748 3994 58.
764 3945 791 3993 et
808 3938 851 3992 ed.
868 3954 910 4008 pr.
935 3936 1056 3992 Lubrica

18 4023 669 4092 195·ι.(ὶιιιιιιι.(11.1ιιιίιι()ι.1.9,35.--
695 4021 1053 4091 delectaturldeleetotscr

20 4098 99 4164 Gul
244 4139 246 4144 -
282 4127 284 4130 ·

78 4193 134 4248 194
164 4211 255 4270 posce
270 4197 352 4270 fieri]
371 4200 428 4254 inu.
448 4196 491 4252 ed.
509 4212 552 4268 pr.
560 4209 568 4260 t
588 4196 712 4268 sequitur
729 4191 873 4263 Meyerus

79 4277 135 4338 195.
170 4281 220 4338 Μ’
242 4283 376 4354 Crudum]
398 4280 459 4340 Μ
466 4288 513 4337 out
530 4277 675 4340 Marcum
694 4280 758 4336 iibri
782 4285 938 4334 omnesa-
965 4287 1054 4345 quom

781 4377 846 4446 16*
