2646 4772
220 460 310 535 818
610 451 875 524 clussuoriis

221 633 304 699 enim
320 645 420 716 genus
437 623 515 694 illud
532 625 656 695 dicendi
673 625 868 694 auctoritatis
877 622 1016 692 habebat
1024 643 1144 714 parum,
1160 637 1260 696 tamen

220 759 324 837 aptum
355 764 428 812 esso
456 749 552 813 aetati
577 745 757 814 uidebatur:
789 753 821 811 et
848 754 948 822 certe,
981 744 1065 832 quod
1094 754 1126 811 et
1156 746 1261 831 ingeni

220 865 374 955 quaedam
400 863 503 932 forma
525 863 652 932 lucebat
678 874 708 930 et
735 863 918 932 exercitatio
945 863 1087 951 perlecta
1108 873 1179 930 erat
1194 883 1261 932 uer-

218 985 389 1071 borumque
415 984 547 1050 astricta
577 980 829 1070 comprehensio,
856 1001 1008 1050 sommam
1028 981 1188 1050 hominum
1209 981 1262 1048 ad-

218 1105 415 1172 mirationem
431 1101 597 1169 excitabat
632 1098 698 1168 Sed
716 1119 786 1168 cum
802 1103 866 1168 iam
883 1100 1021 1168 honores
1038 1111 1069 1166 et
1084 1100 1144 1167 illa
1158 1103 1264 1167 senior

219 1219 390 1290 auctoritas
417 1221 546 1306 grauius
576 1211 723 1306 quiddam
751 1222 939 1307 requireret,
971 1218 1155 1287 remanebat
1182 1218 1262 1285 idem

218 1361 278 1408 nec
309 1339 442 1406 decebat
471 1338 570 1418 idem3
602 1339 746 1426 quodque
780 1337 1035 1406 exercitationem
1069 1337 1262 1424 studiumque

186 1475 192 1488 ·
219 1459 393 1532 dimiserat,
414 1456 498 1543 quod
519 1458 552 1524 in
572 1475 613 1524 eo
634 1457 738 1524 fuerat
759 1473 968 1536 acerrumurn,
991 1458 1188 1524 concinnitas
1208 1455 1264 1522 illa

219 1573 432 1662 crebritasque
451 1576 672 1642 sententiarum
688 1577 822 1662 pristina
837 1575 999 1654 manebat,
1020 1576 1079 1642 sed
1094 1593 1136 1641 ea
1152 1575 1264 1642 uestitu

219 1693 275 1760 illo
301 1694 470 1772 orationis,
492 1711 553 1780 quo
576 1703 757 1772 consuerat,
784 1703 897 1762 oruata
912 1713 976 1762 non
997 1704 1074 1761 crat.
1117 1691 1189 1761 lloc
1209 1691 1263 1760 tihi

218 1812 291 1889 ille,
317 1809 428 1890 Brute,
456 1813 558 1878 miuus
584 1811 722 1879 tmussc
744 1812 877 1900 placuit,
907 1833 1000 1900 quam
1020 1812 1211 1900 placuisset,
1237 1809 1264 1876 si

218 1930 306 1996 illum
333 1928 518 2015 flagrantem
549 1929 651 1998 studio
673 1941 704 1998 et
725 1929 886 1998 florentem
907 1929 1056 1998 facultate
1078 1931 1191 1998 audire
1211 1949 1264 2018 po-

215 2051 342 2116 tuisses.

302 2163 414 2232 XCVI.
443 2164 516 2232 328.
544 2163 624 2232 'lom
645 2165 776 2246 Brutus,
797 2164 866 2253 Ego
887 2187 977 2245 uero,
999 2169 1111 2254 iuquit,
1141 2177 1174 2233 et
1194 2170 1265 2244 ista,

218 2305 299 2374 quae
317 2285 414 2362 dicis,
431 2283 525 2352 video
544 2285 652 2372 qualia
671 2287 733 2352 sint
754 2295 785 2352 et
802 2283 1000 2353 Hortensium
1023 2305 1172 2372 maguum
1193 2303 1265 2352 ora-

217 2540 287 2594 hoec
303 2536 426 2609 pluribus
443 2536 638 2609 displicuerunt
660 2554 712 2592 uec
730 2537 964 2606 desiderarentur,
989 2537 1013 2594 si
1033 2538 1172 2594 abessent.
1209 2535 1265 2591 Sed

215 2625 289 2679 bene
312 2621 445 2677 intellexit
465 2621 632 2694 Bernhardy
656 2623 769 2678 retineri
794 2643 893 2696 posse,
917 2625 981 2679 dum
1007 2623 1197 2694 superioribus
1221 2621 1267 2675 ad·

190 2759 194 2764 .
217 2711 359 2780 iungantur
377 2715 405 2762 et
421 2707 585 2762 vocabulum
603 2707 774 2764 adolesceret
790 2709 970 2765 subtrahatur.
1005 2709 1053 2763 Sic
1068 2709 1152 2780 igitur
1170 2707 1224 2763 leci
1240 2715 1266 2760 et

216 2793 295 2849 simul
317 2793 400 2864 paulo
424 2792 530 2864 longius
553 2793 672 2865 produxi
694 2794 716 2865 5.
734 2793 800 2864 aab,
821 2811 857 2850 ne
879 2793 1047 2850 divideretur
1066 2795 1214 2850 sententia
1232 2821 1266 2835 -

215 2880 304 2952 colpi]
323 2880 364 2932 sic
379 2877 432 2950 bg.
445 2877 487 2932 58.
506 2877 548 2936 70.
573 2875 668 2936 ottob.

285 3013 344 3068 327.
381 3019 410 3066 et
428 3013 540 3085 teperti]
565 3021 593 3069 et
611 3030 664 3070 our.
683 3014 735 3071 Gu.
751 3015 775 3071 l.
811 3019 911 3090 tepeat
927 3015 979 3089 Lg.
992 3015 1017 3070 8.
1035 3014 1078 3070 35.
1096 3015 1140 3070 51.
1160 3015 1204 3070 53.
1224 3013 1264 3069 70.

214 3101 284 3155 Ven.
295 3099 353 3153 m.
367 3127 402 3138 -
420 3096 546 3168 lucebat]
566 3098 700 3154 elucebat
714 3097 811 3157 Lamb.
846 3101 916 3156 lllud
930 3099 1054 3173 gravius3
1073 3099 1152 3170 quasi
1165 3100 1266 3154 lumine
1312 3149 1313 3158 ,

215 3185 331 3254 quodam
344 3200 395 3237 suo
409 3181 661 3254 exsplendescehat.
673 3215 708 3224 -
726 3189 942 3242 exercitatione
950 3183 1135 3260 perfectum]
1154 3189 1265 3239 ecee-ct-

215 3273 291 3324 tatto
308 3267 388 3342 perf.
408 3266 450 3321 ed.
466 3284 524 3337 pr.,
543 3269 618 3340 quod
634 3271 739 3340 recepit
750 3271 917 3342 Bernhardy
937 3269 1064 3325 editionis
1079 3267 1266 3340 Meycrianac

214 3355 373 3410 moderator
386 3367 532 3423 perperam
544 3353 691 3410 immissum
706 3363 736 3410 et
748 3363 812 3428 post
823 3355 939 3412 lucebat
951 3355 1106 3410 arbitratus.
1132 3356 1171 3408 At
1182 3370 1266 3409 nemo

213 3440 301 3494 nescit
324 3444 353 3492 et
374 3437 484 3492 minime
506 3454 617 3510 semper
635 3448 800 3508 connectere
822 3441 944 3497 membra
960 3441 1021 3512 pari
1039 3439 1175 3512 dignitate
1193 3456 1266 3494 com·

213 3525 305 3596 posita
327 3521 523 3592 (coordtatrte
546 3521 698 3593 Glteder),·
725 3529 789 3598 quin
813 3527 868 3582 duo
894 3533 923 3580 et
945 3541 1032 3596 saepe
1053 3525 1189 3594 deinceps
1217 3541 1266 3595 po·

213 3616 327 3674 huntur,
346 3623 460 3676 qrrorum
474 3608 549 3678 prius
567 3610 699 3666 inferiora
715 3613 864 3684 subiungit,
882 3611 996 3666 alterum
1013 3611 1172 3664 sententiae
1189 3617 1266 3664 ante·

213 3691 322 3747 cedenti
336 3709 370 3744 en
382 3691 487 3746 duobos
497 3695 625 3750 membris
638 3699 807 3768 compositae
819 3713 920 3752 novam
932 3695 1016 3751 addit.
1039 3695 1133 3765 Supra
1142 3693 1190 3762 ot,
1198 3695 1264 3748 314:

213 3775 267 3831 ced
289 3791 358 3830 cum
379 3790 527 3831 censerem
548 3784 723 3836 rcmtsatone
746 3789 776 3836 et
795 3781 1004 3838 moderatione
1025 3783 1108 3834 cocio
1131 3785 1162 3833 et
1187 3795 1266 3836 com·
1311 3845 1312 3852 ἵ

212 3868 327 3917 mutato
344 3877 448 3932 pectere
462 3861 585 3918 dicendi
600 3881 648 3918 mc
658 3895 694 3905 —
705 3870 800 3923 otiare
811 3883 904 3940 posce
917 3870 966 3920 &c
994 3861 1181 3936 Opponuntur
1194 3865 1266 3918 inter
1311 3853 1312 3946 l

211 3964 243 4004 se
259 3943 314 4002 ced
329 3975 364 3986 -
379 3949 462 4002 cocta
484 3953 512 4001 et
530 3954 560 4002 et
576 3979 612 3988 -
629 3949 766 4017 dicendi,-
788 3954 864 4024 prius
882 3959 973 4006 autern
989 3947 1141 4004 membrum
1160 3949 1220 4004 alio
1238 3953 1266 4002 et

211 4033 240 4088 iu
263 4031 318 4086 duo
342 4032 428 4086 incisa
449 4031 566 4087 diumum
589 4039 638 4088 est.
673 4036 720 4090 De
736 4035 787 4094 Or.
807 4035 840 4096 ll.
858 4035 908 4105 al,
924 4035 974 4090 88:
1003 4037 1142 4090 oratione
1161 4041 1265 4089 wem

211 4117 302 4174 cetere
314 4123 345 4170 et
359 4118 526 4181 comeare,
545 4119 626 4188 proed
637 4127 703 4176 erut
716 4125 834 4196 tepent,
853 4129 883 4177 et
894 4119 991 4176 oerbts
1004 4118 1267 4190 effervescentibus

212 4207 243 4256 ct
255 4201 347 4274 puolo
361 4203 488 4256 martum
501 4202 751 4276 redundantibus,
769 4208 850 4281 quod
863 4213 929 4263 crat
943 4207 1063 4263 mata.
1099 4205 1266 4262 Sententiae

212 4291 275 4341 sunt
297 4287 434 4340 crascone
449 4287 631 4359 -tnpmta
658 4297 686 4348 et
710 4301 739 4348 et
761 4292 861 4350 perdta
877 4294 1059 4354 -raecacue
1083 4297 1148 4348 sunt
1171 4299 1266 4346 autem
