2640 4780
179 531 183 538 .
245 435 336 508 m
637 425 900 498 CICERONIS

330 593 481 665 XXXIV.
509 595 582 664 128.
610 595 645 664 P.
665 595 790 687 Scipio,
817 598 872 685 qui
897 605 947 664 est
975 596 1009 664 iu
1026 597 1192 667 consulatu
1211 617 1278 668 mor·

246 727 332 797 tuus,
357 737 421 784 non
441 715 569 784 multum
589 714 645 782 ille
670 715 794 802 quidem
818 731 878 784 uec
900 733 997 804 saepe
1020 716 1164 796 dicebat,
1186 719 1241 786 sad
1257 726 1277 784 et

247 833 361 904 Latino
389 834 547 922 loquendo
574 835 673 902 cuivis
695 844 764 901 crat
791 853 849 922 par
876 844 907 901 ct
929 854 1036 902 omncs
1059 835 1129 902 sale
1156 836 1277 904 facetiis·

248 973 308 1041 que
327 929 510 1041 superabat.¹
535 950 622 1034 ¹liius
641 951 768 1036 collega
786 949 824 1016 L.
840 950 952 1032 Bestia
971 952 1065 1020 bouis
1085 955 1186 1020 initiis
1204 971 1277 1020 orsus

247 1071 422 1139 tribunatus
445 1069 588 1154 (uamP.
609 1069 763 1158 Popilium
784 1068 875 1136 uiG.
897 1069 1032 1138 Gracchi
1053 1071 1214 1158 expulsum
1235 1089 1278 1138 sua

246 1192 413 1275 rogatione
434 1191 598 1270 restituit),
626 1190 727 1254 viret
749 1207 824 1254 acer
848 1197 879 1255 et
901 1208 965 1255 uon
986 1189 1170 1268 indisertus,
1196 1192 1277 1255 tristis

248 1310 350 1374 exitus
382 1305 491 1373 habuit
519 1305 711 1374 consulatus.
754 1325 828 1372 nam
859 1306 1018 1372 invidiosa
1048 1307 1121 1392 lege
1150 1306 1278 1374 Manlia

250 1423 285 1491 G.
306 1424 442 1491 Galbam
462 1424 657 1491 sacerdotem
678 1432 709 1489 et
730 1434 874 1509 quattuor
894 1423 1079 1491 consulares
1100 1422 1137 1490 L
1154 1423 1278 1492 Bestiau

250 1541 286 1608 G.
310 1540 460 1611 Catonem
489 1541 543 1630 Sp.
566 1541 716 1608 Albinum
742 1543 903 1629 civemque
923 1544 1232 1630 praestantissumam
1252 1539 1277 1606 l.

249 1657 405 1750 Opimium
422 1659 557 1728 Gracchi
578 1637 810 1727 interfectorem
831 1680 852 1727 a
871 1659 986 1748 populo
1011 1659 1201 1740 absolutum,
1223 1677 1277 1727 cun

248 1781 278 1846 is
301 1790 411 1848 corba
430 1778 537 1869 populi
559 1778 693 1844 studium
716 1779 871 1856 stetisset,
900 1777 1079 1845 Gracchani
1099 1778 1220 1844 iudices
1240 1796 1276 1842 su·

249 1897 410 1966 stulcmnt.
454 1895 527 1962 119.
559 1894 658 1962 Huius
681 1895 846 1963 dlasimilis
872 1898 906 1962 in
926 1896 1084 1962 tribunatu
1111 1896 1275 1983 reliquaque

250 1991 416 2084 omui‘vita
433 2015 512 2082 civis
534 2012 693 2101 improbus
712 2011 747 2078 st
763 2010 906 2080 Licinius
920 2012 1027 2081 Nerva
1046 2033 1111 2080 non
1127 2014 1276 2080 indisertus

248 2133 315 2200 luit.
359 2130 394 2198 (l.
412 2130 552 2198 Fimbria
575 2129 766 2218 temporibus
787 2132 888 2198 isdem
910 2131 992 2211 lere,
1017 2132 1074 2200 sed
1093 2132 1219 2218 lougius
1238 2149 1276 2196 ac-

249 2261 312 2320 tate
333 2260 499 2338 provectus
520 2249 645 2316 babitus
663 2259 712 2315 est
733 2270 829 2328 saue,
850 2260 884 2316 ut
904 2251 949 2316 ita
967 2250 1276 2330 dicam-truculentus

250 2388 346 2456 asper
371 2367 545 2434 maledicus
573 2387 690 2452 genere
711 2377 776 2435 toto
801 2367 897 2456 paulo
919 2368 1071 2435 feruidior
1092 2380 1185 2456 atquo
1211 2387 1294 2474 con-p

250 2488 377 2564 motior,
400 2485 565 2569 diligentia
579 2495 686 2552 tamen
706 2496 737 2552 ct
751 2488 863 2552 uirtute
885 2487 981 2552 animi
1001 2495 1093 2573 atque
1114 2488 1181 2552 uita
1195 2485 1293 2568 bonust

251 2613 363 2672 auctor
381 2605 415 2668 iu
436 2612 557 2669 senatu.
600 2602 685 2669 idem
704 2602 882 2670 tolerabilis
904 2613 1054 2692 patronus
1074 2624 1136 2670 uec
1155 2603 1238 2670 rudis
1255 2595 1292 2665 iri

251 2724 319 2790 iure
337 2720 424 2790 cirili
446 2730 477 2788 et
498 2740 568 2789 cunr
583 2721 695 2788 virtute
716 2701 780 2788 tum
796 2725 892 2789 ctiam
912 2723 982 2810 ipso
1005 2723 1159 2790 orationis
1179 2685 1291 2807 generoI

315 2940 360 2984 128.
386 2940 503 2998 Mamilia]
517 2942 616 2985 Mamilla
628 2941 765 2996 [quaestio]-

316 3009 360 3052 lau
386 3011 539 3068 truculentus]
554 3012 683 3056 luculentus
695 3015 812 3066 patronus·

318 3195 446 3252 XXXIV.
482 3197 541 3254 128.
575 3196 785 3266 mommoleno]
805 3199 837 3254 to
851 3213 904 3253 om.
920 3195 1055 3252 Gu..-l
1020 3194 1234 3271 -Poptltam1
1247 3191 1273 3246 sit

250 3277 305 3350 Ing.
322 3279 365 3335 35.
382 3280 426 3336 39.
443 3281 486 3338 88.
504 3283 549 3337 ed.
565 3300 605 3354 pr.
623 3285 661 3338 itu
678 3299 749 3340 corr.
765 3282 816 3354 Lg.
831 3282 875 3340 20.
902 3280 1051 3356 pupillam
1066 3281 1164 3339 58.·-
1187 3281 1256 3337 tried

249 3364 292 3420 uic
308 3363 359 3436 Ing,
379 3381 489 3434 omues,
505 3366 576 3422 Veu.
593 3369 617 3424 l.
637 3367 699 3423 Vat.
717 3368 760 3424 ed.
775 3385 868 3439 pr.-
897 3365 1052 3436 Mamtlta]
1070 3384 1166 3422 omues
1182 3355 1271 3420 dicad

250 3449 434 3507 manilia—
453 3453 606 3510 invidiosa
620 3451 682 3525 depe
693 3452 802 3522 Mam]
819 3453 944 3524 plerique
955 3451 1015 3506 libri
1027 3452 1131 3507 addunt
1145 3452 1271 3524 paaeedtt

249 3534 319 3588 illud
336 3543 384 3590 aut
401 3521 554 3607 multabo
567 3537 619 3610 Lg.
634 3539 676 3594 26.
691 3539 732 3594 53.
748 3538 791 3594 68.
808 3537 849 3594 70.
885 3538 971 3592 Addit
984 3537 1088 3592 babitu
1103 3537 1153 3610 ig.
1166 3537 1220 3601 20„
1234 3545 1270 3584 on

252 3624 387 3688 quaesito
400 3622 464 3678 Vst.
499 3624 591 3692 Hunc,
608 3633 638 3678 ut
652 3624 753 3677 dudum
765 3623 884 3677 Ernesto
897 3622 1012 3693 placuit,
1029 3623 1113 3693 plane
1128 3622 1224 3694 probo,
1236 3627 1271 3669 ret

252 3697 365 3776 Meyeri
381 3721 433 3757 uec
450 3705 627 3806 Bernhardpi
644 3709 766 3762 rationes
786 3707 898 3761 delendi
915 3724 998 3778 posse
1016 3717 1122 3778 putans.
1156 3705 1204 3759 Ille
1220 3701 1251 3755 eu'

252 3785 366 3839 verba
358 3794 396 3840 rta
412 3788 471 3841 vult
487 3792 630 3860 componi.
654 3810 727 3846 nom
746 3793 895 3847 invidiosa
913 3796 1087 3862 quaestione
1104 3792 1165 3864 Icpc
1183 3788 1217 3844 M

253 3867 312 3935 tta,
336 3869 381 3924 bic
403 3875 498 3929 nescio
516 3892 595 3946 quem
613 3876 760 3933 ablativum
780 3878 933 3933 absolutum
949 3875 1029 3948 fingit
1047 3890 1232 3948 comparausq

252 3963 313 4010 tota
328 3955 439 4012 diversa
456 3969 519 4014 suut
525 3965 792 4036 mproeedpttone
820 3969 954 4018 octonem
971 3967 1201 4036 nuncupatim,
1222 3953 1253 4023 qu'

252 4042 335 4096 etiam
352 4041 409 4098 doc
420 4047 553 4124 popiola,
574 4045 632 4102 dac
647 4051 798 4105 condoce!
814 4079 850 4092 -
876 4049 1030 4121 quattuor]
1049 4049 1090 4103 sic
1109 4047 1159 4119 Lg.
1173 4039 1235 4100 8.5l
1238 4077 1243 4092 ·

254 4217 256 4222 ,
322 4159 381 4218 roo.
417 4141 615 4230 ameum,
636 4172 739 4242 asper]
761 4170 825 4230 rurs
847 4178 877 4228 a
896 4163 1245 4242 superaccesserat

254 4254 326 4309 ω,
346 4261 442 4318 asper.
478 4247 607 4308 corrant
623 4250 691 4311 Ilm.
