2660 4776
226 433 297 508 80
386 427 535 499 BREVlS
557 423 856 510 ELOQUENTIAE
878 421 981 493 boot.
1003 421 1115 492 fflst.

228 607 291 668 eius
324 603 439 666 nomine
470 601 751 664 circumferebantur
784 597 949 672 orationes,
982 612 1035 657 aas
1065 595 1099 659 Ρ.
1135 591 1276 657 Canutius

228 723 317 788 eques
338 705 487 768 Romanus
507 705 594 798 bomp
617 702 720 766 doctus
741 699 897 781 scripsisse
918 695 1094 759 credebatur
1104 691 1170 774 (⁹5).

702 871 730 956 ξ.
753 871 804 932 30.

682 982 711 1038 G.
731 983 820 1038 Cotta.

311 1109 404 1174 Huius
427 1105 461 1172 G.
484 1105 571 1170 Gotta
598 1106 732 1188 aequalis
751 1101 945 1188 populatibus
966 1117 1082 1182 semper
1103 1100 1278 1165 aduersatus

229 1211 408 1274 contrariam
434 1209 514 1270 uitae
541 1207 690 1285 gerendae
710 1207 788 1269 uam
809 1210 925 1266 secutus
947 1211 1001 1264 est.
1045 1202 1122 1266 Gens
1143 1203 1278 1277 Aurelia,
1325 1255 1326 1306 p

229 1311 301 1374 olim
320 1307 443 1372 Assalia
464 1307 544 1368 clieta
564 1327 602 1370 cx
618 1307 737 1371 Sabinis
759 1313 854 1367 ortum
874 1304 977 1365 babuit
998 1309 1027 1364 ct
1047 1303 1078 1364 in
1098 1310 1159 1365 tres
1183 1303 1279 1366 diuisa
1325 1343 1326 1346 ,

229 1410 359 1474 familias
380 1407 436 1470 init
457 1405 608 1471 Gottarnm
627 1409 797 1471 Orestarum
814 1405 993 1469 Scaurorum
1005 1398 1074 1483 (⁹⁶);
1097 1420 1134 1465 cx
1158 1421 1196 1465 ea
1216 1404 1280 1485 pri-

230 1529 293 1574 mus
315 1526 454 1572 summum
474 1510 615 1571 bonorem
637 1508 759 1590 adeptus
782 1514 826 1568 est
848 1504 880 1569 G.
903 1505 1042 1569 Aurelius
1064 1502 1153 1567 Cotta
1175 1505 1280 1568 consul

231 1627 296 1674 cum
317 1609 349 1673 G.
373 1609 501 1673 Seruilio
525 1611 644 1675 Gemino
667 1629 694 1671 a.
717 1608 791 1672 506.

318 1711 349 1772 0.
376 1711 511 1769 Aurelios
538 1712 635 1783 caua,
668 1707 705 1772 ie
738 1725 797 1790 quo
829 1725 905 1771 nuno
938 1706 1171 1788 agendum'est‚
1200 1702 1280 1768 'dnos

230 1813 340 1875 iratres
360 1811 463 1873 babuit
489 1819 561 1874 natu
584 1813 727 1885 minores,
754 1809 799 1872 M.
822 1807 938 1872 Cottam
965 1827 1024 1871 eos.
1050 1827 1078 1869 a.
1100 1809 1165 1870 680
1194 1815 1224 1868 et
1244 1808 1280 1870 b.

233 1913 349 1976 Guttam
376 1929 436 1974 eos.
468 1930 495 1974 a.
517 1913 598 1987 6893
624 1917 782 1994 praeterea
810 1909 973 1990 patruelem
1001 1910 1037 1973 L.
1068 1907 1199 1983 Cottam,
1229 1908 1282 1988 qni
1327 1911 1328 1922 ¹

231 2013 311 2075 ultra
336 2020 506 2094 praeturam
531 2030 591 2074 nou
617 2010 748 2074 ascendit
765 2005 828 2089 (⁹⁷).
872 2009 905 2072 G.
927 2009 1014 2073 Goba
1041 2016 1139 2071 uatus
1157 2027 1185 2070 a.
1215 2011 1283 2071 630

230 2113 266 2178 Ρ.
282 2113 444 2194 Sulpicium
459 2113 614 2192 aequalem
629 2112 748 2174 babuit:
771 2129 857 2193 quem
874 2118 988 2185 nmen,
1009 2127 1074 2172 oum
1091 2115 1282 2190 quaesturam

232 2222 300 2277 ante
322 2215 436 2293 gessise
456 2212 606 2288 uideatur,
626 2213 658 2273 in
674 2213 825 2274 tribunatu
842 2210 968 2294 petendo
989 2211 1161 2292 praeuertit.
1193 2211 1282 2272 l’ete·

231 2315 284 2377 bat
302 2315 378 2374 eninr
395 2313 431 2374 b.
447 2312 586 2392 Philippo
607 2319 635 2374 ct
652 2313 722 2376 Sex.
741 2313 872 2377 (laesere
887 2311 1055 2376 oonsulibus
1073 2329 1102 2373 a
1120 2313 1200 2387 664,
1222 2327 1281 2391 quo

233 2430 311 2476 anno
333 2412 513 2494 colloquium
534 2411 570 2474 de
591 2419 711 2476 oratore
731 2413 862 2476 babitom
881 2429 903 2476 a
921 2413 1064 2478 Cicerone
1081 2411 1228 2492 tingitur(
1257 2412 1280 2489 ).

232 2512 294 2578 Sed
316 2511 442 2586 Crasso,
468 2511 550 2573 cuins
571 2511 603 2572 in
621 2512 676 2576 illo
699 2513 849 2594 colloquio
870 2513 984 2594 primae
1004 2520 1105 2593 partes
1126 2521 1210 2589 sunt,
1230 2514 1281 2576 uix

233 2613 378 2676 exstincto
407 2612 507 2691 gratis
541 2612 573 2673 in
598 2630 660 2676 ram
687 2614 837 2696 publicam
864 2612 1008 2676 malorum
1034 2613 1128 2675 molas
1158 2615 1281 2692 ingruit,

234 2731 359 2795 quorum
377 2731 448 2794 pars
469 2713 556 2775 ctiam
575 2713 607 2775 io
628 2711 947 2778 cocanneonndasit.
989 2714 1073 2793 Lege
1094 2715 1171 2776 enim
1189 2715 1283 2779 Varia

232 2812 412 2895 postulatus,
440 2813 519 2894 quod
541 2815 572 2874 in
594 2815 637 2875 cis
659 2823 752 2886 esset,
781 2833 905 2896 quorum
927 2831 1021 2896 opera
1041 2815 1116 2877 socii
1136 2815 1176 2876 ad
1197 2833 1282 2878 arma

234 2915 464 2988 concitarentur,
487 2915 704 2977 consonatione
725 2915 816 2996 paulo
837 2917 1041 2997 pervicaciam
1062 2915 1207 2996 equitum,
1230 2916 1281 2996 qui

232 3022 301 3076 tanc
329 3013 513 3090 iudicabant,
543 3013 683 3078 inuidiam
708 3017 857 3096 concitare
878 3034 938 3078 non
959 3024 1037 3078 esset
1056 3017 1183 3092 ueritus,
1214 3023 1281 3077 aute

234 3133 322 3196 mam
349 3115 499 3176 ferrentur
524 3117 702 3191 sententiae,
735 3123 839 3197 sponte
865 3115 896 3178 in
924 3115 1060 3178 exsilium
1088 3117 1171 3178 abiit.
1217 3116 1281 3178 lloo

234 3223 279 3278 est
300 3214 378 3295 quod
399 3214 511 3277 inuidia
534 3215 686 3296 depulsum
705 3216 856 3278 tribunatu
874 3215 945 3278 dicit
960 3216 1065 3279 Gioero
1077 3213 1148 3296 (⁹⁹),
1172 3217 1281 3298 quippe

234 3315 370 3397 petendo.
413 3314 535 3376 Factum
556 3333 621 3379 essa
643 3317 710 3398 ipso
732 3317 814 3380 bello
835 3316 942 3380 sociali
963 3324 1131 3397 erumpente
1154 3334 1193 3379 ex
1213 3317 1280 3379 loeo

232 3415 318 3478 Bruti
334 3412 521 3477 ciceroniani
541 3413 804 3497 intelligiturtw).
845 3417 953 3480 Filium
973 3419 1005 3479 iu
1024 3417 1161 3479 exsilium
1181 3425 1280 3480 secuta

234 3522 279 3577 est
303 3521 397 3578 mater
418 3515 531 3580 Rutilia
558 3517 654 3582 animo
680 3518 783 3580 tramis
805 3519 851 3582 sui
871 3520 905 3583 Ρ.
927 3519 1031 3582 Rutilii
1055 3518 1177 3593 similis;
1205 3533 1280 3598 quse

234 3623 263 3678 et
288 3616 486 3696 supervixisse
511 3617 559 3680 illi
586 3626 766 3700 mortemque
791 3637 850 3682 non
875 3621 969 3684 minus
997 3625 1166 3682 constanter
1193 3633 1280 3699 quam

176 3710 180 3718 ’
234 3715 370 3778 exsilium
396 3715 500 3777 tulisse
523 3717 650 3782 traditur
668 3715 729 3798 (¹).
771 3719 833 3782 Neo
860 3727 928 3782 ante
958 3719 990 3780 in
1017 3719 1166 3782 ciuitatem
1193 3717 1280 3780 rediit

235 3811 270 3877 G.
287 3811 388 3889 Getta,
410 3833 498 3895 mam
518 3825 586 3898 post
608 3821 790 3902 optimatium
810 3828 911 3902 partes
932 3837 987 3902 per
1008 3819 1124 3884 Sullam
1144 3819 1278 3882 uictrices

240 3919 446 3932 ——u—

302 3973 350 4043 ⁹⁵)
374 3975 430 4032 ore.
447 3977 466 4034 ι.
485 3997 509 4036 a.
596 3982 643 4050 oc)
666 3979 755 4054 intpp.
773 3982 849 4037 reso
872 3999 899 4054 p.
916 3981 968 4038 sss
984 3981 1065 4037 nsua.
1150 3979 1198 4048 cr)
1223 3979 1277 4034 ou.

232 4059 784 4136 Brun.cc,135.oe0r.1lt.11,ts.
872 4067 919 4136 98)
943 4067 1000 4124 cic.
1022 4067 1058 4122 de
1076 4061 1127 4120 Or.
1150 4063 1171 4118 1.
1190 4064 1220 4130 7,
1236 4063 1277 4116 il.

232 4143 278 4212 99)
297 4145 354 4200 (lic.
371 4145 406 4200 de
420 4143 469 4202 Or.
484 4147 529 4206 lll.
547 4149 580 4219 3,
599 4150 640 4208 ll.
726 4151 789 4222 500)
807 4169 830 4206 c.
844 4151 880 4209 88
891 4159 959 4208 extr.
1048 4151 1075 4218 l)
1090 4150 1199 4205 Seneca
1216 4163 1278 4204 eoo-

232 4229 285 4286 sol.
304 4229 341 4283 aul
356 4229 436 4288 Helo.
456 4229 496 4288 lb.
