2646 4772
250 419 342 498 m
643 411 902 488 CICERONIS
1008 427 1013 434 ·

252 585 523 678 occupationibus,
536 586 579 668 ad
607 595 638 654 te
666 588 784 675 ipsum,
811 587 924 674 iuquit,
952 585 986 657 iu
1013 603 1062 654 me
1089 588 1229 665 intuens,
1253 585 1290 654 de

251 710 374 778 ratium
398 703 512 772 LutIne
540 704 690 792 loquendi
717 707 964 774 accuratissume
992 706 1154 793 scripserit
1184 706 1291 792 primu·

252 845 312 914 qua
343 827 377 892 in
408 823 491 891 llbro
525 823 639 892 dixerit
669 826 841 892 uerborum,
868 825 1017 896 delectum
1049 825 1203 906 ruginem
1234 841 1290 888 esse

251 945 462 1027 eloquentium
489 941 709 1028 tribuantque,
736 945 779 1008 mi
800 939 913 1020 Brute,
933 940 1006 1010 huie
1024 951 1148 1018 nostro,
1176 943 1228 1027 qui
1247 960 1290 1006 me

251 1061 290 1128 de
312 1061 369 1128 illu
391 1059 501 1128 maluit
523 1079 616 1146 quam
637 1079 673 1126 se
694 1059 816 1138 dicere,
843 1059 968 1128 leudem
990 1059 1200 1143 singularem:
1224 1077 1290 1124 nan

250 1180 375 1266 scripsit
395 1177 446 1244 luis
465 1177 587 1255 verbis,
610 1197 680 1244 curn
701 1175 784 1270 hune
805 1180 930 1246 nemine
948 1187 1034 1244 esset
1053 1175 1183 1244 udatus:
1205 1197 1242 1244 ue
1256 1180 1289 1249 si,

249 1308 287 1364 ut
313 1298 449 1378 eupitutu
474 1297 763 1380 praectareetopet
779 1307 924 1379 possent,
954 1316 1020 1364 nun
1040 1297 1124 1369 nulli
1143 1297 1247 1362 studio
1266 1305 1289 1360 et

250 1433 314 1480 usu
330 1415 581 1488 eminane-nui,
606 1416 696 1480 wius
712 1425 741 1481 te
761 1433 860 1497 paene
876 1417 1052 1497 prinoipem
1074 1415 1190 1496 ruptae,
1206 1423 1288 1495 meur

251 1534 447 1601 inventorem
473 1531 546 1596 bene
573 1533 610 1596 de
636 1534 763 1598 nemine
790 1551 828 1598 ue
856 1534 1006 1614 dignitate
1025 1532 1139 1613 populi
1159 1531 1289 1597 liumuai

250 1651 398 1716 meritum
418 1667 483 1716 esse
499 1651 691 1716 existumare
706 1650 864 1716 dedemus:
881 1652 965 1722 tune
979 1650 1103 1733 [aetina
1120 1659 1149 1716 et
1166 1650 1288 1714 putidiu-

250 1785 329 1836 uam
348 1769 473 1834 neeesse
493 1785 666 1834 emmonem
688 1787 773 1834 nune
791 1787 855 1850 pro
876 1768 984 1834 retietu
1006 1777 1050 1833 est
1072 1768 1253 1832 ludendum.

336 1881 483 1950 LXXIII.
507 1882 581 1958 eut.
606 1883 687 1950 Tum
708 1883 839 1963 Brutus,
862 1883 988 1962 Amice,
1012 1881 1161 1960 Hercule,
1180 1883 1290 1969 inquit,

252 2011 283 2070 et
301 2001 465 2088 magnifiee
487 2011 518 2068 ta
537 2001 698 2070 laudatum
714 2013 803 2091 pute,
825 2023 917 2090 quem
932 2021 996 2070 nen
1013 2001 1114 2070 sulum
1128 2002 1290 2088 prinoipem

252 2131 345 2208 atque
371 2123 567 2187 inuentorem
594 2121 705 2208 eupiue
728 2121 856 2199 dixerit,
885 2139 965 2206 quae
991 2129 1060 2186 erat
1080 2137 1196 2204 magna
1215 2118 1289 2192 leus,

251 2237 310 2306 sed
343 2239 447 2319 etiem¹
467 2236 549 2308 hene
581 2239 722 2308 meritum
755 2238 794 2306 de
821 2236 927 2326 pupuli
956 2236 1092 2304 Romani
1116 2239 1239 2304 nurnine
1265 2245 1291 2300 et

317 2455 363 2498 253.
390 2454 464 2512 adte]
479 2457 655 2500 eumadta.-
674 2455 1199 2514 ausint-possent]acal-utpusseut

253 2621 305 2708 ις.
321 2621 347 2680 8.
359 2623 402 2678 35.
415 2609 462 2678 51.Ι
471 2621 513 2680 53.
528 2623 571 2680 08.
587 2622 711 2682 illoti.
727 2651 763 2667 ·-
787 2624 830 2679 ad
846 2627 886 2694 te]
905 2625 989 2696 vulgo
1007 2640 1077 2680 eum
1095 2623 1139 2677 ud
1155 2629 1191 2680 te.
1222 2619 1288 2676 Cum
1314 2611 1315 2634 *

253 2723 307 2764 om.
325 2707 375 2780 Lg.
390 2708 416 2763 8.
429 2707 471 2762 35.
485 2709 526 2764 39.
544 2710 586 2764 51.
600 2710 642 2764 50.
655 2710 698 2766 58.
717 2709 788 2767 Veu.
802 2713 824 2766 1.
842 2707 901 2766 on.
918 2711 983 2766 Vat.
1004 2709 1054 2765 Gn.
1072 2711 1094 2765 l.
1109 2708 1134 2762 2.
1154 2709 1195 2764 ed
1208 2725 1287 2778 pr.—

252 2794 499 2864 accuratissume]
518 2792 569 2866 Lg.
586 2793 629 2848 51.
647 2802 675 2848 et
691 2794 710 2848 8
727 2812 744 2848 a
762 2813 832 2850 corr.
852 2793 909 2851 0tt
927 2826 962 2836 -
988 2796 1158 2868 scripserit]
1176 2796 1288 2865 scripsit

251 2877 303 2950 Lg.
321 2879 346 2934 8.
365 2879 408 2934 00.
427 2879 470 2934 30.
488 2879 531 2934 51.
550 2878 593 2934 50.
610 2909 646 2919 -—
672 2879 987 2948 delectum1dileetem
1008 2881 1061 2934 snei
1080 2897 1182 2935 omues
1198 2907 1231 2920 ·-
1256 2893 1288 2930 uu

251 2965 282 3016 si
296 2965 339 3031 rei]
363 2965 403 3018 sic
422 2964 465 3019 ed.
484 2981 525 3035 pr.
545 2962 657 3030 Lumb.;
683 2981 756 3020 nuuc
772 2962 882 3020 firment
900 2965 950 3037 hg.
968 2965 1010 3022 53.
1029 2965 1073 3022 08.
1092 2965 1135 3022 70.
1169 2963 1288 3019 Ernestus

251 3049 412 3118 particulam
435 3049 586 3103 sententiae
603 3051 787 3104 necessariam
812 3059 879 3120 pust¹
892 3049 991 3122 eloqui
1009 3051 1139 3114 inser-uin
1163 3049 1242 3119 vulgo
1265 3053 1289 3098 et

251 3149 270 3186 a
295 3132 370 3187 libris
397 3133 535 3204 plerisque
566 3133 653 3190 abest.
678 3165 714 3174 -
746 3133 987 3203 elaboraverunt]
1020 3133 1152 3189 lederun.
1181 3133 1228 3204 ug.
1250 3129 1288 3183 ut

251 3215 287 3270 30
296 3234 366 3271 eurr.
380 3217 422 3272 50.
440 3217 548 3272 Vau—
566 3219 759 3288 existumare]
773 3219 813 3272 sie
826 3217 876 3290 Lg.
887 3219 911 3274 8.
923 3219 965 3276 51.
978 3218 1019 3273 53.
1031 3219 1075 3274 08.
1087 3219 1128 3276 70.
1147 3237 1198 3274 um.
1209 3215 1250 3272 20.
1259 3245 1289 3254 -

250 3299 387 3370 [euticen]
409 3300 504 3371 facile
519 3303 574 3374 'Lg
599 3311 712 3374 praeter
731 3303 775 3358 00.
792 3301 835 3358 35.
853 3304 895 3360 53.
919 3305 962 3359 68.
979 3303 1038 3370 70,
1064 3305 1130 3358 item
1152 3304 1201 3358 Gn.
1218 3303 1241 3356 I.
1259 3329 1288 3338 -

253 3375 452 3454 cotidianum]
470 3387 509 3441 'sie
524 3386 575 3460 Lg.
592 3387 634 3442 53.
652 3389 695 3444 58.
713 3389 755 3444 08.
774 3388 815 3446 70.
848 3389 988 3462 quottid„
1006 3397 1036 3443 ut
1053 3389 1140 3454 solet,
1157 3387 1205 3443 Gn.
1217 3387 1242 3440 l.
1259 3415 1289 3424 -

252 3475 330 3526 ituree
343 3489 404 3544 pro
422 3471 538 3550 relicto]
559 3473 614 3528 Alii
632 3473 704 3528 huuc
721 3471 1000 3531 tocnm'dtsttncttone
1018 3473 1224 3538 sublevandum,
1248 3467 1291 3522 alii

252 3570 324 3610 rrum
341 3573 391 3626 pro
409 3573 485 3622 non,
505 3557 614 3614 delicto
632 3577 654 3614 s.
674 3557 816 3614 derelicto
835 3575 888 3629 pro
906 3558 1010 3614 relicto
1028 3557 1213 3630 corrigendum
1233 3571 1290 3610 ceu-

253 3649 375 3694 suernnt.
403 3643 573 3696 Sententiam
589 3643 661 3698 bene
680 3643 809 3715 explicuit
820 3641 989 3714 Bernhardy
1007 3641 1191 3698 difficultatem
1206 3642 1234 3694 iu
1249 3638 1290 3692 olt-

253 3733 333 3775 scura
356 3723 495 3779 locutione
517 3743 577 3798 pro
601 3728 707 3782 relicte
731 3727 840 3782 taam
863 3727 925 3782 sole
952 3730 1044 3782 inesse
1068 3735 1145 3782 reete
1168 3726 1295 3802 iudicans

253 3803 363 3872 ‚3Immu
385 3807 479 3864 debuit
497 3811 600 3866 Caesar
624 3813 651 3867 iu
671 3814 765 3884 operIs
785 3813 958 3883 praelatione
975 3814 1147 3884 propositum
1163 3825 1236 3866 sunm
1258 3810 1295 3860 ltu

254 3892 459 3974 cummendare,
476 3902 505 3950 ut
518 3897 634 3951 studium
647 3897 801 3974 elegantiae
817 3899 925 3952 dnutnm
938 3897 973 3952 ult
985 3899 1148 3952 anctoritate
1161 3891 1291 3952 Ciceronis

254 3984 430 4052 agnoscerem
440 3979 519 4054 ¹lrartc
537 3983 633 4036 autem'
645 3982 812 4054 diligentiam
830 3983 858 4037 iu
871 3981 965 4054 primis
980 3992 1111 4037 accurata
1127 3983 1230 4052 liuguae
1244 3977 1292 4030 ua·

252 4061 328 4115 tinae
345 4064 460 4119 selentia
476 4065 579 4132 iuvari,
604 4059 681 4120 einins
703 4057 740 4122 nt*
751 4069 866 4124 interior
888 4069 961 4122 ratio
975 4067 1174 4122 observatione
1190 4063 1260 4117 solle
