<?xml version="1.0" encoding="UTF-8"?>
<!DOCTYPE html PUBLIC "-//W3C//DTD XHTML 1.0 Transitional//EN"
    "http://www.w3.org/TR/xhtml1/DTD/xhtml1-transitional.dtd">
<html xmlns="http://www.w3.org/1999/xhtml" xml:lang="en" lang="en">
 <head>
  <title>
</title>
<meta http-equiv="Content-Type" content="text/html;charset=utf-8" />
  <meta name='ocr-system' content='tesseract 3.04.00' />
  <meta name='ocr-capabilities' content='ocr_page ocr_carea ocr_par ocr_line ocrx_word'/>
</head>
<body>
  <div class='ocr_page' id='page_1' title='image "./brutussivedecla00cicegoog/brutussivedecla00cicegoog_0193.png"; bbox 0 0 2660 4776; ppageno 0'>
   <div class='ocr_carea' id='block_1_1' title="bbox 256 356 1069 488">
    <p class='ocr_par' dir='ltr' id='par_1_1' title="bbox 256 356 1069 488">
     <span class='ocr_line' id='line_1_1' title="bbox 256 356 1069 488; baseline 0.009 -7"><span class='ocrx_word' id='word_1_1' title='bbox 256 356 259 362; x_wconf 53' lang='grc'>’</span> <span class='ocrx_word' id='word_1_2' title='bbox 350 411 546 484; x_wconf 80' lang='lat' dir='ltr'><strong>neonus</strong></span> <span class='ocrx_word' id='word_1_3' title='bbox 575 412 666 484; x_wconf 82' lang='lat' dir='ltr'><strong>eru.</strong></span> <span class='ocrx_word' id='word_1_4' title='bbox 688 415 740 483; x_wconf 86' lang='lat' dir='ltr'><strong>uo.</strong></span> <span class='ocrx_word' id='word_1_5' title='bbox 977 415 1069 488; x_wconf 85' lang='lat' dir='ltr'><strong>roo</strong></span> 
     </span>
    </p>
   </div>
   <div class='ocr_carea' id='block_1_2' title="bbox 44 582 1070 1618">
    <p class='ocr_par' dir='ltr' id='par_1_2' title="bbox 44 582 1070 1615">
     <span class='ocr_line' id='line_1_2' title="bbox 48 582 1067 663; baseline -0.002 -11"><span class='ocrx_word' id='word_1_6' title='bbox 48 585 121 652; x_wconf 87' lang='lat' dir='ltr'><strong>recle</strong></span> <span class='ocrx_word' id='word_1_7' title='bbox 143 592 351 663; x_wconf 76' lang='lat' dir='ltr'><strong>numerantur,</strong></span> <span class='ocrx_word' id='word_1_8' title='bbox 379 583 599 652; x_wconf 67' lang='lat' dir='ltr'><strong>adolescentes</strong></span> <span class='ocrx_word' id='word_1_9' title='bbox 621 582 735 652; x_wconf 89' lang='lat' dir='ltr'><strong>debent</strong></span> <span class='ocrx_word' id='word_1_10' title='bbox 754 583 865 652; x_wconf 80' lang='lat' dir='ltr'><strong>rideri.</strong></span> <span class='ocrx_word' id='word_1_11' title='bbox 908 601 982 652; x_wconf 86' lang='lat' dir='ltr'><strong>narn</strong></span> <span class='ocrx_word' id='word_1_12' title='bbox 1007 587 1067 652; x_wconf 88' lang='lat' dir='ltr'><strong>etsi</strong></span> 
     </span>
     <span class='ocr_line' id='line_1_3' title="bbox 47 699 1067 789; baseline 0.003 -22"><span class='ocrx_word' id='word_1_13' title='bbox 47 701 141 770; x_wconf 84' lang='lat' dir='ltr'><strong>Servio</strong></span> <span class='ocrx_word' id='word_1_14' title='bbox 166 699 270 770; x_wconf 74' lang='lat' dir='ltr'><strong>&#39;l&#39;ullio</strong></span> <span class='ocrx_word' id='word_1_15' title='bbox 304 711 456 789; x_wconf 78' lang='lat' dir='ltr'><strong>regnante</strong></span> <span class='ocrx_word' id='word_1_16' title='bbox 488 704 667 788; x_wconf 76' lang='lat' dir='ltr'><strong>viguerunt,</strong></span> <span class='ocrx_word' id='word_1_17' title='bbox 694 713 799 769; x_wconf 87' lang='lat' dir='ltr'><strong>tannen</strong></span> <span class='ocrx_word' id='word_1_18' title='bbox 826 700 922 768; x_wconf 83' lang='lat' dir='ltr'><strong>multo</strong></span> <span class='ocrx_word' id='word_1_19' title='bbox 952 701 1067 770; x_wconf 89' lang='lat' dir='ltr'><strong>diutius</strong></span> 
     </span>
     <span class='ocr_line' id='line_1_4' title="bbox 44 818 1068 910; baseline 0.002 -26"><span class='ocrx_word' id='word_1_20' title='bbox 44 818 167 886; x_wconf 79' lang='lat' dir='ltr'><strong>Athenae</strong></span> <span class='ocrx_word' id='word_1_21' title='bbox 187 822 250 888; x_wconf 89' lang='lat' dir='ltr'><strong>iam</strong></span> <span class='ocrx_word' id='word_1_22' title='bbox 271 829 375 900; x_wconf 91' lang='lat' dir='ltr'><strong>eraut,</strong></span> <span class='ocrx_word' id='word_1_23' title='bbox 397 839 490 910; x_wconf 86' lang='lat' dir='ltr'><strong>quern</strong></span> <span class='ocrx_word' id='word_1_24' title='bbox 511 831 560 888; x_wconf 90' lang='lat' dir='ltr'><strong>est</strong></span> <span class='ocrx_word' id='word_1_25' title='bbox 578 819 681 909; x_wconf 54' lang='lat' dir='ltr'><strong>Roma,</strong></span> <span class='ocrx_word' id='word_1_26' title='bbox 702 821 743 887; x_wconf 85' lang='lat' dir='ltr'><strong>ad</strong></span> <span class='ocrx_word' id='word_1_27' title='bbox 763 818 947 888; x_wconf 85' lang='lat' dir='ltr'><strong>hodiernum</strong></span> <span class='ocrx_word' id='word_1_28' title='bbox 969 819 1068 888; x_wconf 89' lang='lat' dir='ltr'><strong>diem:</strong></span> 
     </span>
     <span class='ocr_line' id='line_1_5' title="bbox 45 936 1070 1034; baseline 0.003 -33"><span class='ocrx_word' id='word_1_29' title='bbox 45 956 92 1002; x_wconf 89' lang='lat' dir='ltr'><strong>uec</strong></span> <span class='ocrx_word' id='word_1_30' title='bbox 118 948 216 1006; x_wconf 85' lang='lat' dir='ltr'><strong>temen</strong></span> <span class='ocrx_word' id='word_1_31' title='bbox 248 936 369 1017; x_wconf 90' lang='lat' dir='ltr'><strong>dubito,</strong></span> <span class='ocrx_word' id='word_1_32' title='bbox 403 941 476 1025; x_wconf 92' lang='lat' dir='ltr'><strong>quin</strong></span> <span class='ocrx_word' id='word_1_33' title='bbox 505 937 651 1005; x_wconf 83' lang='lat' dir='ltr'><strong>habuerit</strong></span> <span class='ocrx_word' id='word_1_34' title='bbox 680 941 744 1006; x_wconf 81' lang='lat' dir='ltr'><strong>vim</strong></span> <span class='ocrx_word' id='word_1_35' title='bbox 769 958 917 1034; x_wconf 74' lang='lat' dir='ltr'><strong>maguam</strong></span> <span class='ocrx_word' id='word_1_36' title='bbox 947 957 1070 1026; x_wconf 88' lang='lat' dir='ltr'><strong>semper</strong></span> 
     </span>
     <span class='ocr_line' id='line_1_6' title="bbox 46 1053 1070 1144; baseline 0.005 -25"><span class='ocrx_word' id='word_1_37' title='bbox 46 1057 138 1122; x_wconf 87' lang='lat' dir='ltr'><strong>oratio.</strong></span> <span class='ocrx_word' id='word_1_38' title='bbox 177 1053 230 1122; x_wconf 75' lang='grc'><strong>40.</strong></span> <span class='ocrx_word' id='word_1_39' title='bbox 255 1053 364 1143; x_wconf 85' lang='lat' dir='ltr'><strong>Neque</strong></span> <span class='ocrx_word' id='word_1_40' title='bbox 392 1057 475 1123; x_wconf 88' lang='lat' dir='ltr'><strong>eninr</strong></span> <span class='ocrx_word' id='word_1_41' title='bbox 503 1057 567 1122; x_wconf 85' lang='lat' dir='ltr'><strong>ism</strong></span> <span class='ocrx_word' id='word_1_42' title='bbox 588 1053 715 1123; x_wconf 79' lang='lat' dir='ltr'><strong>Troicis</strong></span> <span class='ocrx_word' id='word_1_43' title='bbox 741 1056 931 1144; x_wconf 88' lang='lat' dir='ltr'><strong>temporibus</strong></span> <span class='ocrx_word' id='word_1_44' title='bbox 952 1067 1070 1124; x_wconf 85' lang='lat' dir='ltr'><strong>tantun</strong></span> 
     </span>
     <span class='ocr_line' id='line_1_7' title="bbox 45 1171 1069 1258; baseline 0.005 -21"><span class='ocrx_word' id='word_1_45' title='bbox 45 1171 131 1238; x_wconf 89' lang='lat' dir='ltr'><strong>leudis</strong></span> <span class='ocrx_word' id='word_1_46' title='bbox 160 1173 357 1258; x_wconf 85' lang='lat' dir='ltr'><strong>indicendo</strong></span> <span class='ocrx_word' id='word_1_47' title='bbox 386 1171 471 1240; x_wconf 85' lang='lat' dir='ltr'><strong>Ulixi</strong></span> <span class='ocrx_word' id='word_1_48' title='bbox 505 1172 667 1241; x_wconf 78' lang='lat' dir='ltr'><strong>tribuisset</strong></span> <span class='ocrx_word' id='word_1_49' title='bbox 692 1171 845 1240; x_wconf 87' lang='lat' dir='ltr'><strong>Homerus</strong></span> <span class='ocrx_word' id='word_1_50' title='bbox 878 1184 908 1242; x_wconf 88' lang='lat' dir='ltr'><strong>et</strong></span> <span class='ocrx_word' id='word_1_51' title='bbox 933 1171 1069 1255; x_wconf 86' lang='lat' dir='ltr'><strong>Nestori,</strong></span> 
     </span>
     <span class='ocr_line' id='line_1_8' title="bbox 46 1289 1069 1375; baseline 0.006 -20"><span class='ocrx_word' id='word_1_52' title='bbox 46 1309 156 1375; x_wconf 89' lang='lat' dir='ltr'><strong>quorum</strong></span> <span class='ocrx_word' id='word_1_53' title='bbox 180 1291 311 1360; x_wconf 88' lang='lat' dir='ltr'><strong>alterurn</strong></span> <span class='ocrx_word' id='word_1_54' title='bbox 337 1291 400 1360; x_wconf 80' lang='lat' dir='ltr'><strong>vim</strong></span> <span class='ocrx_word' id='word_1_55' title='bbox 427 1289 546 1360; x_wconf 84' lang='lat' dir='ltr'><strong>habere</strong></span> <span class='ocrx_word' id='word_1_56' title='bbox 571 1290 685 1371; x_wconf 85' lang='lat' dir='ltr'><strong>voluit,</strong></span> <span class='ocrx_word' id='word_1_57' title='bbox 717 1291 848 1358; x_wconf 88' lang='lat' dir='ltr'><strong>alterum</strong></span> <span class='ocrx_word' id='word_1_58' title='bbox 875 1295 1069 1374; x_wconf 86' lang='lat' dir='ltr'><strong>suavitatem,</strong></span> 
     </span>
     <span class='ocr_line' id='line_1_9' title="bbox 44 1407 1070 1499; baseline 0.008 -27"><span class='ocrx_word' id='word_1_59' title='bbox 44 1409 95 1474; x_wconf 91' lang='lat' dir='ltr'><strong>uisi</strong></span> <span class='ocrx_word' id='word_1_60' title='bbox 119 1410 179 1476; x_wconf 85' lang='lat' dir='ltr'><strong>iam</strong></span> <span class='ocrx_word' id='word_1_61' title='bbox 207 1419 272 1476; x_wconf 86' lang='lat' dir='ltr'><strong>turn</strong></span> <span class='ocrx_word' id='word_1_62' title='bbox 294 1419 380 1476; x_wconf 89' lang='lat' dir='ltr'><strong>esset</strong></span> <span class='ocrx_word' id='word_1_63' title='bbox 400 1407 501 1478; x_wconf 86' lang='lat' dir='ltr'><strong>honos</strong></span> <span class='ocrx_word' id='word_1_64' title='bbox 523 1409 738 1497; x_wconf 60' lang='lat' dir='ltr'><strong>eloquentiam</strong></span> <span class='ocrx_word' id='word_1_65' title='bbox 764 1429 866 1497; x_wconf 87' lang='lat' dir='ltr'><strong>neque</strong></span> <span class='ocrx_word' id='word_1_66' title='bbox 887 1414 955 1498; x_wconf 87' lang='lat' dir='ltr'><strong>ipse</strong></span> <span class='ocrx_word' id='word_1_67' title='bbox 976 1421 1070 1499; x_wconf 74' lang='lat' dir='ltr'><strong>potita</strong></span> 
     </span>
     <span class='ocr_line' id='line_1_10' title="bbox 44 1524 1069 1618; baseline 0.007 -27"><span class='ocrx_word' id='word_1_68' title='bbox 44 1524 85 1592; x_wconf 86' lang='lat' dir='ltr'><strong>iic</strong></span> <span class='ocrx_word' id='word_1_69' title='bbox 101 1536 159 1594; x_wconf 84' lang='lat' dir='ltr'><strong>taur</strong></span> <span class='ocrx_word' id='word_1_70' title='bbox 179 1527 265 1618; x_wconf 81' lang='lat' dir='ltr'><strong>idern</strong></span> <span class='ocrx_word' id='word_1_71' title='bbox 286 1536 414 1594; x_wconf 86' lang='lat' dir='ltr'><strong>ornatus</strong></span> <span class='ocrx_word' id='word_1_72' title='bbox 435 1530 469 1594; x_wconf 92' lang='lat' dir='ltr'><strong>in</strong></span> <span class='ocrx_word' id='word_1_73' title='bbox 491 1527 624 1596; x_wconf 94' lang='lat' dir='ltr'><strong>dicendo</strong></span> <span class='ocrx_word' id='word_1_74' title='bbox 646 1547 685 1594; x_wconf 88' lang='lat' dir='ltr'><strong>ae</strong></span> <span class='ocrx_word' id='word_1_75' title='bbox 705 1527 799 1615; x_wconf 90' lang='lat' dir='ltr'><strong>plane</strong></span> <span class='ocrx_word' id='word_1_76' title='bbox 821 1537 928 1596; x_wconf 88' lang='lat' dir='ltr'><strong>orator</strong></span> <span class='ocrx_word' id='word_1_77' title='bbox 948 1529 1069 1598; x_wconf 83' lang='lat' dir='ltr'><strong>inisset.</strong></span> 
     </span>
    </p>
   </div>
   <div class='ocr_carea' id='block_1_3' title="bbox 44 1646 1186 1735">
    <p class='ocr_par' dir='ltr' id='par_1_3' title="bbox 44 1646 1186 1735">
     <span class='ocr_line' id='line_1_11' title="bbox 44 1646 1186 1735; baseline 0.007 -27"><span class='ocrx_word' id='word_1_78' title='bbox 44 1646 117 1712; x_wconf 89' lang='lat' dir='ltr'><strong>euius</strong></span> <span class='ocrx_word' id='word_1_79' title='bbox 142 1648 200 1714; x_wconf 91' lang='lat' dir='ltr'><strong>etsi</strong></span> <span class='ocrx_word' id='word_1_80' title='bbox 224 1648 350 1714; x_wconf 76' lang='lat' dir='ltr'><strong>mcerte</strong></span> <span class='ocrx_word' id='word_1_81' title='bbox 371 1656 442 1713; x_wconf 87' lang='lat' dir='ltr'><strong>sunt</strong></span> <span class='ocrx_word' id='word_1_82' title='bbox 451 1655 617 1735; x_wconf 87' lang='lat' dir='ltr'><strong>tempora,</strong></span> <span class='ocrx_word' id='word_1_83' title='bbox 645 1655 750 1714; x_wconf 91' lang='lat' dir='ltr'><strong>tamen</strong></span> <span class='ocrx_word' id='word_1_84' title='bbox 773 1649 863 1714; x_wconf 91' lang='lat' dir='ltr'><strong>anuis</strong></span> <span class='ocrx_word' id='word_1_85' title='bbox 885 1646 989 1714; x_wconf 90' lang='lat' dir='ltr'><strong>multis</strong></span> <span class='ocrx_word' id='word_1_86' title='bbox 1013 1647 1070 1716; x_wconf 91' lang='lat' dir='ltr'><strong>iuit</strong></span> <span class='ocrx_word' id='word_1_87' title='bbox 1185 1675 1186 1682; x_wconf 47' lang='lat'>¹</span> 
     </span>
    </p>
   </div>
   <div class='ocr_carea' id='block_1_4' title="bbox 25 1721 1074 3268">
    <p class='ocr_par' dir='ltr' id='par_1_4' title="bbox 41 1721 1068 1971">
     <span class='ocr_line' id='line_1_12' title="bbox 42 1721 1068 1862; baseline 0.003 -34"><span class='ocrx_word' id='word_1_88' title='bbox 42 1771 99 1830; x_wconf 87' lang='lat' dir='ltr'><strong>ente</strong></span> <span class='ocrx_word' id='word_1_89' title='bbox 112 1721 290 1832; x_wconf 86' lang='lat' dir='ltr'><strong>Romulum:</strong></span> <span class='ocrx_word' id='word_1_90' title='bbox 313 1763 467 1850; x_wconf 87' lang='lat' dir='ltr'><strong>siquidem</strong></span> <span class='ocrx_word' id='word_1_91' title='bbox 487 1784 551 1832; x_wconf 90' lang='lat' dir='ltr'><strong>uon</strong></span> <span class='ocrx_word' id='word_1_92' title='bbox 572 1763 656 1832; x_wconf 83' lang='lat' dir='ltr'><strong>intra</strong></span> <span class='ocrx_word' id='word_1_93' title='bbox 678 1769 870 1862; x_wconf 87' lang='lat' dir='ltr'><strong>superiorem</strong></span> <span class='ocrx_word' id='word_1_94' title='bbox 889 1763 1068 1852; x_wconf 73' lang='lat' dir='ltr'><strong>Lycurgum</strong></span> 
     </span>
     <span class='ocr_line' id='line_1_13' title="bbox 41 1879 1070 1971; baseline 0.005 -26"><span class='ocrx_word' id='word_1_95' title='bbox 41 1880 96 1960; x_wconf 91' lang='lat' dir='ltr'><strong>iuit,</strong></span> <span class='ocrx_word' id='word_1_96' title='bbox 117 1901 136 1948; x_wconf 89' lang='lat' dir='ltr'><strong>a</strong></span> <span class='ocrx_word' id='word_1_97' title='bbox 156 1901 218 1971; x_wconf 92' lang='lat' dir='ltr'><strong>quo</strong></span> <span class='ocrx_word' id='word_1_98' title='bbox 240 1891 288 1949; x_wconf 88' lang='lat' dir='ltr'><strong>est</strong></span> <span class='ocrx_word' id='word_1_99' title='bbox 310 1881 478 1971; x_wconf 85' lang='lat' dir='ltr'><strong>disciplina</strong></span> <span class='ocrx_word' id='word_1_100' title='bbox 493 1879 816 1952; x_wconf 78' lang='lat' dir='ltr'><strong>Lacedaemoniorum</strong></span> <span class='ocrx_word' id='word_1_101' title='bbox 838 1883 967 1950; x_wconf 87' lang='lat' dir='ltr'><strong>astricta</strong></span> <span class='ocrx_word' id='word_1_102' title='bbox 988 1882 1070 1969; x_wconf 77' lang='lat' dir='ltr'><strong>legi-</strong></span> 
     </span>
    </p>

    <p class='ocr_par' dir='ltr' id='par_1_5' title="bbox 25 1996 1074 3268">
     <span class='ocr_line' id='line_1_14' title="bbox 40 1996 1070 2087; baseline 0.007 -25"><span class='ocrx_word' id='word_1_103' title='bbox 40 1996 94 2065; x_wconf 89' lang='lat' dir='ltr'><strong>ius.</strong></span> <span class='ocrx_word' id='word_1_104' title='bbox 131 2000 183 2068; x_wconf 83' lang='lat' dir='ltr'><strong>tl.</strong></span> <span class='ocrx_word' id='word_1_105' title='bbox 213 1998 280 2068; x_wconf 88' lang='lat' dir='ltr'><strong>Sed</strong></span> <span class='ocrx_word' id='word_1_106' title='bbox 309 2001 445 2068; x_wconf 86' lang='lat' dir='ltr'><strong>studium</strong></span> <span class='ocrx_word' id='word_1_107' title='bbox 471 2003 540 2066; x_wconf 90' lang='lat' dir='ltr'><strong>eius</strong></span> <span class='ocrx_word' id='word_1_108' title='bbox 567 2003 694 2086; x_wconf 79' lang='lat' dir='ltr'><strong>generis</strong></span> <span class='ocrx_word' id='word_1_109' title='bbox 716 2003 878 2087; x_wconf 87' lang='lat' dir='ltr'><strong>maiorque</strong></span> <span class='ocrx_word' id='word_1_110' title='bbox 898 2002 948 2067; x_wconf 88' lang='lat' dir='ltr'><strong>vis</strong></span> <span class='ocrx_word' id='word_1_111' title='bbox 970 2020 1070 2086; x_wconf 78' lang='lat' dir='ltr'><strong>ague-</strong></span> 
     </span>
     <span class='ocr_line' id='line_1_15' title="bbox 25 2115 1071 2205; baseline 0.005 -26"><span class='ocrx_word' id='word_1_112' title='bbox 25 2120 120 2184; x_wconf 54' lang='lat' dir='ltr'><strong>,scitur</strong></span> <span class='ocrx_word' id='word_1_113' title='bbox 143 2121 176 2186; x_wconf 91' lang='lat' dir='ltr'><strong>iu</strong></span> <span class='ocrx_word' id='word_1_114' title='bbox 195 2119 374 2186; x_wconf 89' lang='lat' dir='ltr'><strong>Pisistrato.</strong></span> <span class='ocrx_word' id='word_1_115' title='bbox 416 2115 559 2204; x_wconf 89' lang='lat' dir='ltr'><strong>Denique</strong></span> <span class='ocrx_word' id='word_1_116' title='bbox 580 2116 662 2184; x_wconf 89' lang='lat' dir='ltr'><strong>hunc</strong></span> <span class='ocrx_word' id='word_1_117' title='bbox 682 2137 832 2205; x_wconf 82' lang='lat' dir='ltr'><strong>proxumo</strong></span> <span class='ocrx_word' id='word_1_118' title='bbox 854 2117 962 2185; x_wconf 89' lang='lat' dir='ltr'><strong>seculo</strong></span> <span class='ocrx_word' id='word_1_119' title='bbox 985 2115 1071 2184; x_wconf 82' lang='lat' dir='ltr'><strong>Tise-</strong></span> 
     </span>
     <span class='ocr_line' id='line_1_16' title="bbox 39 2235 1069 2328; baseline 0.004 -28"><span class='ocrx_word' id='word_1_120' title='bbox 39 2237 181 2306; x_wconf 87' lang='lat' dir='ltr'><strong>nistocles</strong></span> <span class='ocrx_word' id='word_1_121' title='bbox 198 2241 358 2306; x_wconf 89' lang='lat' dir='ltr'><strong>insecutus</strong></span> <span class='ocrx_word' id='word_1_122' title='bbox 375 2245 437 2316; x_wconf 89' lang='lat' dir='ltr'><strong>est,</strong></span> <span class='ocrx_word' id='word_1_123' title='bbox 458 2245 497 2319; x_wconf 83' lang='lat' dir='ltr'><strong>ut</strong></span> <span class='ocrx_word' id='word_1_124' title='bbox 509 2235 591 2324; x_wconf 93' lang='lat' dir='ltr'><strong>apud</strong></span> <span class='ocrx_word' id='word_1_125' title='bbox 607 2255 683 2315; x_wconf 88' lang='lat' dir='ltr'><strong>uos,</strong></span> <span class='ocrx_word' id='word_1_126' title='bbox 700 2237 918 2323; x_wconf 88' lang='lat' dir='ltr'><strong>perantiquus,</strong></span> <span class='ocrx_word' id='word_1_127' title='bbox 939 2245 972 2328; x_wconf 84' lang='lat' dir='ltr'><strong>ut</strong></span> <span class='ocrx_word' id='word_1_128' title='bbox 987 2235 1069 2324; x_wconf 90' lang='lat' dir='ltr'><strong>apud</strong></span> 
     </span>
     <span class='ocr_line' id='line_1_17' title="bbox 39 2351 1071 2440; baseline 0.005 -24"><span class='ocrx_word' id='word_1_129' title='bbox 39 2351 250 2436; x_wconf 82' lang='lat' dir='ltr'><strong>Athenienses,</strong></span> <span class='ocrx_word' id='word_1_130' title='bbox 272 2377 337 2424; x_wconf 89' lang='lat' dir='ltr'><strong>uon</strong></span> <span class='ocrx_word' id='word_1_131' title='bbox 357 2357 403 2424; x_wconf 92' lang='lat' dir='ltr'><strong>ita</strong></span> <span class='ocrx_word' id='word_1_132' title='bbox 425 2373 502 2423; x_wconf 88' lang='lat' dir='ltr'><strong>saue</strong></span> <span class='ocrx_word' id='word_1_133' title='bbox 523 2364 623 2422; x_wconf 86' lang='lat' dir='ltr'><strong>uetus.</strong></span> <span class='ocrx_word' id='word_1_134' title='bbox 655 2353 713 2421; x_wconf 86' lang='lat' dir='ltr'><strong>suit</strong></span> <span class='ocrx_word' id='word_1_135' title='bbox 733 2356 816 2420; x_wconf 86' lang='lat' dir='ltr'><strong>eninr</strong></span> <span class='ocrx_word' id='word_1_136' title='bbox 833 2364 984 2440; x_wconf 79' lang='lat' dir='ltr'><strong>regnante</strong></span> <span class='ocrx_word' id='word_1_137' title='bbox 1005 2356 1071 2422; x_wconf 87' lang='lat' dir='ltr'><strong>iant</strong></span> 
     </span>
     <span class='ocr_line' id='line_1_18' title="bbox 41 2468 1071 2560; baseline 0.007 -27"><span class='ocrx_word' id='word_1_138' title='bbox 41 2468 175 2554; x_wconf 80' lang='lat' dir='ltr'><strong>Graecis,</strong></span> <span class='ocrx_word' id='word_1_139' title='bbox 202 2483 311 2542; x_wconf 88' lang='lat' dir='ltr'><strong>nostra</strong></span> <span class='ocrx_word' id='word_1_140' title='bbox 340 2484 443 2542; x_wconf 89' lang='lat' dir='ltr'><strong>autern</strong></span> <span class='ocrx_word' id='word_1_141' title='bbox 473 2475 598 2541; x_wconf 87' lang='lat' dir='ltr'><strong>ciuitate</strong></span> <span class='ocrx_word' id='word_1_142' title='bbox 620 2493 684 2540; x_wconf 90' lang='lat' dir='ltr'><strong>uon</strong></span> <span class='ocrx_word' id='word_1_143' title='bbox 705 2473 751 2540; x_wconf 92' lang='lat' dir='ltr'><strong>ita</strong></span> <span class='ocrx_word' id='word_1_144' title='bbox 769 2472 889 2560; x_wconf 86' lang='lat' dir='ltr'><strong>pridem</strong></span> <span class='ocrx_word' id='word_1_145' title='bbox 911 2473 1071 2540; x_wconf 89' lang='lat' dir='ltr'><strong>dominatu</strong></span> 
     </span>
     <span class='ocr_line' id='line_1_19' title="bbox 38 2589 1070 2680; baseline 0.005 -27"><span class='ocrx_word' id='word_1_146' title='bbox 38 2595 112 2674; x_wconf 81' lang='lat' dir='ltr'><strong>regio</strong></span> <span class='ocrx_word' id='word_1_147' title='bbox 121 2592 274 2660; x_wconf 84' lang='lat' dir='ltr'><strong>¹liberata</strong></span> <span class='ocrx_word' id='word_1_148' title='bbox 307 2590 388 2680; x_wconf 81' lang='lat' dir='ltr'><strong>Nam</strong></span> <span class='ocrx_word' id='word_1_149' title='bbox 402 2591 519 2660; x_wconf 85' lang='lat' dir='ltr'><strong>bellum</strong></span> <span class='ocrx_word' id='word_1_150' title='bbox 534 2589 721 2659; x_wconf 86' lang='lat' dir='ltr'><strong>Volscorum</strong></span> <span class='ocrx_word' id='word_1_151' title='bbox 737 2589 815 2658; x_wconf 91' lang='lat' dir='ltr'><strong>iliud</strong></span> <span class='ocrx_word' id='word_1_152' title='bbox 830 2594 1070 2676; x_wconf 79' lang='lat' dir='ltr'><strong>gravissumum,</strong></span> 
     </span>
     <span class='ocr_line' id='line_1_20' title="bbox 26 2709 1070 2800; baseline 0.006 -28"><span class='ocrx_word' id='word_1_153' title='bbox 26 2711 78 2774; x_wconf 71' lang='lat' dir='ltr'><strong>&#39;cui</strong></span> <span class='ocrx_word' id='word_1_154' title='bbox 97 2709 285 2778; x_wconf 81' lang='lat' dir='ltr'><strong>Coriolanus</strong></span> <span class='ocrx_word' id='word_1_155' title='bbox 310 2711 400 2778; x_wconf 83' lang='lat' dir='ltr'><strong>exsul</strong></span> <span class='ocrx_word' id='word_1_156' title='bbox 426 2710 580 2789; x_wconf 74' lang='lat' dir='ltr'><strong>interfuit,</strong></span> <span class='ocrx_word' id='word_1_157' title='bbox 608 2709 718 2777; x_wconf 88' lang='lat' dir='ltr'><strong>eodem</strong></span> <span class='ocrx_word' id='word_1_158' title='bbox 748 2709 816 2776; x_wconf 87' lang='lat' dir='ltr'><strong>iere</strong></span> <span class='ocrx_word' id='word_1_159' title='bbox 841 2719 979 2800; x_wconf 88' lang='lat' dir='ltr'><strong>tempore</strong></span> <span class='ocrx_word' id='word_1_160' title='bbox 1008 2731 1070 2796; x_wconf 92' lang='lat' dir='ltr'><strong>quo</strong></span> 
     </span>
     <span class='ocr_line' id='line_1_21' title="bbox 37 2822 1071 2913; baseline 0.005 -25"><span class='ocrx_word' id='word_1_161' title='bbox 37 2822 192 2896; x_wconf 85' lang='lat' dir='ltr'><strong>Persarum</strong></span> <span class='ocrx_word' id='word_1_162' title='bbox 217 2827 335 2895; x_wconf 89' lang='lat' dir='ltr'><strong>bellum</strong></span> <span class='ocrx_word' id='word_1_163' title='bbox 360 2829 433 2907; x_wconf 79' lang='lat' dir='ltr'><strong>fuit3</strong></span> <span class='ocrx_word' id='word_1_164' title='bbox 462 2826 637 2913; x_wconf 86' lang='lat' dir='ltr'><strong>similisque</strong></span> <span class='ocrx_word' id='word_1_165' title='bbox 659 2827 786 2892; x_wconf 87' lang='lat' dir='ltr'><strong>fortuna</strong></span> <span class='ocrx_word' id='word_1_166' title='bbox 807 2825 964 2892; x_wconf 88' lang='lat' dir='ltr'><strong>clarorum</strong></span> <span class='ocrx_word' id='word_1_167' title='bbox 984 2829 1071 2894; x_wconf 89' lang='lat' dir='ltr'><strong>uiro-</strong></span> 
     </span>
     <span class='ocr_line' id='line_1_22' title="bbox 38 2942 1072 3031; baseline 0 -21"><span class='ocrx_word' id='word_1_168' title='bbox 38 2963 103 3014; x_wconf 90' lang='lat' dir='ltr'><strong>rum:</strong></span> <span class='ocrx_word' id='word_1_169' title='bbox 147 2946 203 3014; x_wconf 81' lang='lat'><strong>42.</strong></span> <span class='ocrx_word' id='word_1_170' title='bbox 232 2945 385 3031; x_wconf 87' lang='lat' dir='ltr'><strong>siquidem</strong></span> <span class='ocrx_word' id='word_1_171' title='bbox 413 2953 557 3029; x_wconf 88' lang='lat' dir='ltr'><strong>uterque,</strong></span> <span class='ocrx_word' id='word_1_172' title='bbox 587 2962 657 3008; x_wconf 90' lang='lat' dir='ltr'><strong>oum</strong></span> <span class='ocrx_word' id='word_1_173' title='bbox 679 2944 758 3008; x_wconf 87' lang='lat' dir='ltr'><strong>civis</strong></span> <span class='ocrx_word' id='word_1_174' title='bbox 780 2945 928 3027; x_wconf 79' lang='lat' dir='ltr'><strong>egregius</strong></span> <span class='ocrx_word' id='word_1_175' title='bbox 950 2942 1072 3023; x_wconf 88' lang='lat' dir='ltr'><strong>inisset,</strong></span> 
     </span>
     <span class='ocr_line' id='line_1_23' title="bbox 38 3049 1072 3152; baseline 0 -24"><span class='ocrx_word' id='word_1_176' title='bbox 38 3066 128 3152; x_wconf 87' lang='lat' dir='ltr'><strong>populi</strong></span> <span class='ocrx_word' id='word_1_177' title='bbox 164 3063 282 3146; x_wconf 80' lang='lat' dir='ltr'><strong>ingrati</strong></span> <span class='ocrx_word' id='word_1_178' title='bbox 318 3060 427 3147; x_wconf 89' lang='lat' dir='ltr'><strong>pulsus</strong></span> <span class='ocrx_word' id='word_1_179' title='bbox 457 3049 631 3124; x_wconf 73' lang='lat' dir='ltr'><strong>iniuriose</strong></span> <span class='ocrx_word' id='word_1_180' title='bbox 662 3058 703 3124; x_wconf 92' lang='lat' dir='ltr'><strong>ad</strong></span> <span class='ocrx_word' id='word_1_181' title='bbox 728 3057 835 3126; x_wconf 85' lang='lat' dir='ltr'><strong>hostes</strong></span> <span class='ocrx_word' id='word_1_182' title='bbox 862 3059 991 3126; x_wconf 91' lang='lat' dir='ltr'><strong>contulit</strong></span> <span class='ocrx_word' id='word_1_183' title='bbox 1018 3079 1072 3128; x_wconf 90' lang='lat' dir='ltr'><strong>co-</strong></span> 
     </span>
     <span class='ocr_line' id='line_1_24' title="bbox 38 3177 1074 3268; baseline -0.002 -20"><span class='ocrx_word' id='word_1_184' title='bbox 38 3193 192 3268; x_wconf 85' lang='lat' dir='ltr'><strong>natumque</strong></span> <span class='ocrx_word' id='word_1_185' title='bbox 214 3177 399 3245; x_wconf 87' lang='lat' dir='ltr'><strong>iracundiae</strong></span> <span class='ocrx_word' id='word_1_186' title='bbox 421 3195 499 3246; x_wconf 87' lang='lat' dir='ltr'><strong>suae</strong></span> <span class='ocrx_word' id='word_1_187' title='bbox 517 3186 615 3245; x_wconf 88' lang='lat' dir='ltr'><strong>morte</strong></span> <span class='ocrx_word' id='word_1_188' title='bbox 637 3177 769 3245; x_wconf 86' lang='lat' dir='ltr'><strong>sedavit.</strong></span> <span class='ocrx_word' id='word_1_189' title='bbox 806 3197 881 3246; x_wconf 86' lang='lat' dir='ltr'><strong>narn</strong></span> <span class='ocrx_word' id='word_1_190' title='bbox 900 3180 960 3244; x_wconf 91' lang='lat' dir='ltr'><strong>etsi</strong></span> <span class='ocrx_word' id='word_1_191' title='bbox 981 3178 1074 3246; x_wconf 89' lang='lat' dir='ltr'><strong>aliter</strong></span> 
     </span>
    </p>
   </div>
   <div class='ocr_carea' id='block_1_5' title="bbox 88 3396 324 3468">
    <p class='ocr_par' dir='ltr' id='par_1_6' title="bbox 88 3396 324 3468">
     <span class='ocr_line' id='line_1_25' title="bbox 88 3396 324 3468; baseline -0.008 -26"><span class='ocrx_word' id='word_1_192' title='bbox 88 3399 122 3443; x_wconf 83' lang='lat' dir='ltr'><strong>to</strong></span> <span class='ocrx_word' id='word_1_193' title='bbox 151 3397 225 3453; x_wconf 67' lang='lat' dir='ltr'><strong>uterq</strong></span> <span class='ocrx_word' id='word_1_194' title='bbox 239 3396 324 3468; x_wconf 71' lang='lat' dir='ltr'><strong>umere</strong></span> 
     </span>
    </p>
   </div>
   <div class='ocr_carea' id='block_1_6' title="bbox 36 3561 1074 3807">
    <p class='ocr_par' dir='ltr' id='par_1_7' title="bbox 36 3561 1074 3807">
     <span class='ocr_line' id='line_1_26' title="bbox 38 3561 1072 3639; baseline 0.006 -22"><span class='ocrx_word' id='word_1_195' title='bbox 38 3564 105 3622; x_wconf 83' lang='lat' dir='ltr'><strong>odei.</strong></span> <span class='ocrx_word' id='word_1_196' title='bbox 121 3566 174 3639; x_wconf 73' lang='lat' dir='ltr'><strong>Lg.</strong></span> <span class='ocrx_word' id='word_1_197' title='bbox 189 3565 214 3622; x_wconf 82' lang='grc' dir='ltr'><strong>Β.</strong></span> <span class='ocrx_word' id='word_1_198' title='bbox 228 3563 271 3621; x_wconf 81' lang='lat' dir='ltr'><strong>ts.</strong></span> <span class='ocrx_word' id='word_1_199' title='bbox 295 3561 391 3622; x_wconf 76' lang='lat' dir='ltr'><strong>ottob.</strong></span> <span class='ocrx_word' id='word_1_200' title='bbox 415 3565 467 3623; x_wconf 81' lang='lat' dir='ltr'><strong>Gn.</strong></span> <span class='ocrx_word' id='word_1_201' title='bbox 483 3567 506 3623; x_wconf 85' lang='lat' dir='ltr'><strong>i.</strong></span> <span class='ocrx_word' id='word_1_202' title='bbox 541 3567 658 3638; x_wconf 86' lang='lat' dir='ltr'><strong>Semper</strong></span> <span class='ocrx_word' id='word_1_203' title='bbox 675 3566 759 3635; x_wconf 84' lang='lat' dir='ltr'><strong>aliqui</strong></span> <span class='ocrx_word' id='word_1_204' title='bbox 775 3582 811 3631; x_wconf 81' lang='lat' dir='ltr'><strong>cc,</strong></span> <span class='ocrx_word' id='word_1_205' title='bbox 830 3566 904 3636; x_wconf 91' lang='lat' dir='ltr'><strong>quod</strong></span> <span class='ocrx_word' id='word_1_206' title='bbox 921 3583 977 3622; x_wconf 87' lang='lat' dir='ltr'><strong>nou</strong></span> <span class='ocrx_word' id='word_1_207' title='bbox 995 3573 1072 3623; x_wconf 88' lang='lat' dir='ltr'><strong>uota·</strong></span> 
     </span>
     <span class='ocr_line' id='line_1_27' title="bbox 36 3647 1074 3725; baseline 0.007 -23"><span class='ocrx_word' id='word_1_208' title='bbox 36 3647 97 3706; x_wconf 81' lang='lat' dir='ltr'><strong>bitur</strong></span> <span class='ocrx_word' id='word_1_209' title='bbox 109 3651 233 3724; x_wconf 79' lang='lat' dir='ltr'><strong>posthoc.</strong></span> <span class='ocrx_word' id='word_1_210' title='bbox 242 3679 278 3694; x_wconf 80' lang='lat'>—</span> <span class='ocrx_word' id='word_1_211' title='bbox 295 3649 360 3706; x_wconf 80' lang='lat' dir='ltr'><strong>Ser.</strong></span> <span class='ocrx_word' id='word_1_212' title='bbox 374 3650 483 3720; x_wconf 74' lang='lat' dir='ltr'><strong>Tullio]</strong></span> <span class='ocrx_word' id='word_1_213' title='bbox 506 3650 601 3706; x_wconf 78' lang='lat' dir='ltr'><strong>Tullio</strong></span> <span class='ocrx_word' id='word_1_214' title='bbox 616 3651 696 3704; x_wconf 87' lang='lat' dir='ltr'><strong>codd.</strong></span> <span class='ocrx_word' id='word_1_215' title='bbox 712 3667 791 3721; x_wconf 87' lang='lat' dir='ltr'><strong>pars,</strong></span> <span class='ocrx_word' id='word_1_216' title='bbox 808 3651 869 3708; x_wconf 88' lang='lat' dir='ltr'><strong>edd.</strong></span> <span class='ocrx_word' id='word_1_217' title='bbox 885 3660 953 3708; x_wconf 85' lang='lat' dir='ltr'><strong>vett.</strong></span> <span class='ocrx_word' id='word_1_218' title='bbox 965 3653 1074 3725; x_wconf 88' lang='lat' dir='ltr'><strong>plerae-</strong></span> 
     </span>
     <span class='ocr_line' id='line_1_28' title="bbox 38 3735 708 3807; baseline 0.004 -18"><span class='ocrx_word' id='word_1_219' title='bbox 38 3750 94 3806; x_wconf 86' lang='lat' dir='ltr'><strong>que,</strong></span> <span class='ocrx_word' id='word_1_220' title='bbox 112 3739 195 3792; x_wconf 87' lang='lat' dir='ltr'><strong>etiam</strong></span> <span class='ocrx_word' id='word_1_221' title='bbox 213 3735 369 3793; x_wconf 79' lang='lat' dir='ltr'><strong>Lambinus.</strong></span> <span class='ocrx_word' id='word_1_222' title='bbox 405 3743 492 3792; x_wconf 72' lang='lat' dir='ltr'><strong>scuto</strong></span> <span class='ocrx_word' id='word_1_223' title='bbox 510 3735 596 3792; x_wconf 76' lang='lat' dir='ltr'><strong>tullio</strong></span> <span class='ocrx_word' id='word_1_224' title='bbox 614 3735 666 3807; x_wconf 83' lang='lat' dir='ltr'><strong>Gu.</strong></span> <span class='ocrx_word' id='word_1_225' title='bbox 684 3736 708 3792; x_wconf 92' lang='lat'><strong>1.</strong></span> 
     </span>
    </p>
   </div>
   <div class='ocr_carea' id='block_1_7' title="bbox 38 3851 1073 4090">
    <p class='ocr_par' dir='ltr' id='par_1_8' title="bbox 38 3851 1073 4090">
     <span class='ocr_line' id='line_1_29' title="bbox 94 3851 1073 3928; baseline 0.001 -18"><span class='ocrx_word' id='word_1_226' title='bbox 94 3855 136 3910; x_wconf 74' lang='lat' dir='ltr'><strong>dt).</strong></span> <span class='ocrx_word' id='word_1_227' title='bbox 171 3871 267 3926; x_wconf 79' lang='lat' dir='ltr'><strong>neque</strong></span> <span class='ocrx_word' id='word_1_228' title='bbox 277 3857 368 3924; x_wconf 78' lang='lat' dir='ltr'><strong>enim]</strong></span> <span class='ocrx_word' id='word_1_229' title='bbox 384 3872 437 3910; x_wconf 87' lang='lat' dir='ltr'><strong>om.</strong></span> <span class='ocrx_word' id='word_1_230' title='bbox 450 3858 530 3910; x_wconf 76' lang='lat' dir='ltr'><strong>eodm</strong></span> <span class='ocrx_word' id='word_1_231' title='bbox 542 3854 586 3912; x_wconf 91' lang='lat' dir='ltr'><strong>ed.</strong></span> <span class='ocrx_word' id='word_1_232' title='bbox 599 3870 640 3925; x_wconf 87' lang='lat' dir='ltr'><strong>pr.</strong></span> <span class='ocrx_word' id='word_1_233' title='bbox 649 3881 685 3894; x_wconf 84' lang='lat'><em>-</em></span> <span class='ocrx_word' id='word_1_234' title='bbox 707 3851 792 3910; x_wconf 71' lang='lat' dir='ltr'><strong>Ultor</strong></span> <span class='ocrx_word' id='word_1_235' title='bbox 805 3853 969 3924; x_wconf 76' lang='lat' dir='ltr'><strong>tribuisset]</strong></span> <span class='ocrx_word' id='word_1_236' title='bbox 979 3857 1073 3928; x_wconf 80' lang='lat' dir='ltr'><strong>plone</strong></span> 
     </span>
     <span class='ocr_line' id='line_1_30' title="bbox 38 3938 1072 4010; baseline 0.005 -22"><span class='ocrx_word' id='word_1_237' title='bbox 38 3947 130 3994; x_wconf 82' lang='lat' dir='ltr'><strong>orator</strong></span> <span class='ocrx_word' id='word_1_238' title='bbox 145 3939 257 4010; x_wconf 79' lang='lat' dir='ltr'><strong>fatiscet</strong></span> <span class='ocrx_word' id='word_1_239' title='bbox 275 3939 326 3994; x_wconf 87' lang='lat' dir='ltr'><strong>Gu.</strong></span> <span class='ocrx_word' id='word_1_240' title='bbox 345 3941 369 3994; x_wconf 91' lang='lat'><strong>1.</strong></span> <span class='ocrx_word' id='word_1_241' title='bbox 402 3939 485 3994; x_wconf 77' lang='lat' dir='ltr'><strong>Uttet</strong></span> <span class='ocrx_word' id='word_1_242' title='bbox 503 3938 588 3994; x_wconf 85' lang='lat' dir='ltr'><strong>ceteri</strong></span> <span class='ocrx_word' id='word_1_243' title='bbox 604 3940 657 3994; x_wconf 88' lang='lat' dir='ltr'><strong>mei</strong></span> <span class='ocrx_word' id='word_1_244' title='bbox 673 3940 734 3995; x_wconf 87' lang='lat' dir='ltr'><strong>libri</strong></span> <span class='ocrx_word' id='word_1_245' title='bbox 752 3957 854 3996; x_wconf 85' lang='lat' dir='ltr'><strong>omues.</strong></span> <span class='ocrx_word' id='word_1_246' title='bbox 874 3971 905 3980; x_wconf 94' lang='lat'><strong>—</strong></span> <span class='ocrx_word' id='word_1_247' title='bbox 932 3941 1072 4008; x_wconf 77' lang='lat' dir='ltr'><strong>astricta]</strong></span> 
     </span>
     <span class='ocr_line' id='line_1_31' title="bbox 38 4021 615 4090; baseline 0.01 -18"><span class='ocrx_word' id='word_1_248' title='bbox 38 4021 95 4078; x_wconf 86' lang='lat' dir='ltr'><strong>eiiso</strong></span> <span class='ocrx_word' id='word_1_249' title='bbox 113 4025 134 4079; x_wconf 85' lang='lat' dir='ltr'><strong>d</strong></span> <span class='ocrx_word' id='word_1_250' title='bbox 150 4025 214 4080; x_wconf 87' lang='lat' dir='ltr'><strong>iibri</strong></span> <span class='ocrx_word' id='word_1_251' title='bbox 231 4037 345 4090; x_wconf 69' lang='lat' dir='ltr'><strong>omnest</strong></span> <span class='ocrx_word' id='word_1_252' title='bbox 366 4032 502 4081; x_wconf 76' lang='lat' dir='ltr'><strong>astructa</strong></span> <span class='ocrx_word' id='word_1_253' title='bbox 520 4023 571 4080; x_wconf 88' lang='lat' dir='ltr'><strong>Gu.</strong></span> <span class='ocrx_word' id='word_1_254' title='bbox 592 4023 615 4078; x_wconf 90' lang='lat' dir='ltr'><strong>l.</strong></span> 
     </span>
    </p>
   </div>
   <div class='ocr_carea' id='block_1_8' title="bbox 39 4139 1072 4286">
    <p class='ocr_par' dir='ltr' id='par_1_9' title="bbox 39 4139 1072 4286">
     <span class='ocr_line' id='line_1_32' title="bbox 97 4139 1072 4214; baseline 0.003 -19"><span class='ocrx_word' id='word_1_255' title='bbox 97 4141 139 4200; x_wconf 78' lang='lat'><strong>41.</strong></span> <span class='ocrx_word' id='word_1_256' title='bbox 173 4141 238 4212; x_wconf 82' lang='lat' dir='ltr'><strong>fait</strong></span> <span class='ocrx_word' id='word_1_257' title='bbox 255 4143 344 4212; x_wconf 74' lang='lat' dir='ltr'><strong>enim]</strong></span> <span class='ocrx_word' id='word_1_258' title='bbox 361 4141 422 4212; x_wconf 80' lang='lat' dir='ltr'><strong>fntt</strong></span> <span class='ocrx_word' id='word_1_259' title='bbox 442 4143 544 4196; x_wconf 80' lang='lat' dir='ltr'><strong>aotem&#39;</strong></span> <span class='ocrx_word' id='word_1_260' title='bbox 559 4139 610 4214; x_wconf 67' lang='grc' dir='ltr'>[ις.</span> <span class='ocrx_word' id='word_1_261' title='bbox 627 4143 671 4201; x_wconf 75' lang='lat' dir='ltr'><strong>ts,</strong></span> <span class='ocrx_word' id='word_1_262' title='bbox 688 4173 724 4186; x_wconf 95' lang='lat'>—</span> <span class='ocrx_word' id='word_1_263' title='bbox 751 4139 913 4211; x_wconf 77' lang='lat' dir='ltr'><strong>claranum]</strong></span> <span class='ocrx_word' id='word_1_264' title='bbox 933 4141 973 4196; x_wconf 86' lang='lat' dir='ltr'><strong>sie</strong></span> <span class='ocrx_word' id='word_1_265' title='bbox 991 4139 1072 4199; x_wconf 88' lang='lat' dir='ltr'><strong>codd.</strong></span> 
     </span>
     <span class='ocr_line' id='line_1_33' title="bbox 39 4225 581 4286; baseline 0.004 -6"><span class='ocrx_word' id='word_1_266' title='bbox 39 4237 132 4282; x_wconf 67' lang='lat' dir='ltr'><strong>ouum.</strong></span> <span class='ocrx_word' id='word_1_267' title='bbox 167 4225 315 4286; x_wconf 69' lang='lat' dir='ltr'><strong>Lambinus</strong></span> <span class='ocrx_word' id='word_1_268' title='bbox 336 4227 581 4286; x_wconf 69' lang='lat' dir='ltr'><strong>demereno-um.</strong></span> 
     </span>
    </p>
   </div>
   <div class='ocr_carea' id='block_1_9' title="bbox 0 0 1334 4776">
    <p class='ocr_par' dir='ltr' id='par_1_10' title="bbox 0 0 1334 4776">
     <span class='ocr_line' id='line_1_34' title="bbox 0 0 1334 4776; baseline 0 2"><span class='ocrx_word' id='word_1_269' title='bbox 0 0 1334 4776; x_wconf 95' lang='lat' dir='ltr'><strong> </strong></span> 
     </span>
    </p>
   </div>
  </div>
 </body>
</html>
