2676 4774
207 391 352 461 ussus
372 391 671 477 usoousnumu
692 393 798 466 uon.
816 395 925 466 ursn
1017 349 1105 472 eo'

65 564 186 644 puerilem
201 565 322 646 pissimus
337 583 480 642 umorem,
499 585 558 648 quo
576 569 663 634 etiem
681 569 716 634 1..
733 569 889 651 Philippus
906 577 935 632 et
952 569 988 648 Ω.
1005 569 1084 637 Ποι-Ι

64 666 156 728 tensius
172 667 354 744 tenebuntur,
369 668 514 732 Domitius
525 669 555 735 in
567 669 760 734 utterrutioue
771 671 879 734 obierit
889 665 958 750 (²⁰),
974 671 1084 736 Brutus

64 773 142 828 sutem
161 775 323 846 renouetur,
346 769 425 850 quod
446 769 597 834 columnus
618 789 799 834 marmoreos
821 789 859 838 ex
879 771 1031 836 senilitete
1051 773 1083 834 in
1149 803 1153 810 ·

63 864 157 928 domun
173 885 250 932 suem
266 870 465 934 transtulisset
476 866 539 950 θ’).
572 871 746 954 stowam
762 873 848 936 lunius
859 873 1001 947 hominis,
1018 889 1083 936 oum

63 966 125 1044 quod
143 967 177 1028 eh
196 968 319 1034 inimioiu
341 971 432 1034 multu
455 971 608 1036 mendosis
627 973 785 1054 utrobique
805 974 864 1036 isui
884 975 916 1038 iu
937 973 1082 1040 orationi-r

62 1065 103 1126 bus
123 1067 263 1146 solebant,
285 1077 345 1134 tum
367 1079 489 1154 propter
509 1072 589 1138 ritus
610 1071 714 1136 sordes
736 1081 765 1136 et
785 1073 944 1156 nequitiem
964 1073 1081 1138 minime

61 1177 124 1232 serto
141 1171 207 1234 fides
226 1172 291 1236 tuit.

124 1273 235 1336 Mutuus
257 1291 324 1336 sese
344 1273 375 1334 in
395 1271 492 1339 torum
513 1275 630 1341 renim
649 1291 714 1338 oum
729 1275 794 1356 ipse
812 1274 891 1358 opud
908 1271 1080 1338 tiioeronenr

59 1377 159 1436 testetur
168 1370 233 1454 (²²),
256 1381 317 1439 tum
337 1373 391 1436 elii
410 1373 571 1440 docuerunt
589 1377 750 1458 scriptores
760 1369 824 1454 (Ἦ).
868 1375 976 1442 Verum
999 1373 1080 1457 quoti

58 1489 155 1552 puerum
179 1493 211 1538 se
230 1476 262 1538 iu
283 1475 381 1538 iorum
401 1475 516 1540 uenisse
536 1475 622 1552 dioit,
646 1475 680 1542 iri
697 1476 796 1540 serbis
818 1483 1004 1540 extenuatum
1024 1481 1077 1554 est,

57 1589 124 1651 quem
150 1568 285 1655 μείωσιν
312 1574 419 1640 (trasei
446 1575 553 1643 dieunt.
602 1576 677 1642 Erst
703 1577 794 1653 enim,
827 1577 907 1659 quod
933 1593 1077 1640 susorum

57 1677 243 1756 eoupntotioue
268 1675 361 1740 ireiie
389 1675 526 1754 otietur,
556 1695 649 1742 sonos
679 1697 767 1742 uuum
795 1686 824 1742 et
848 1678 955 1758 uiginti
979 1685 1076 1752 ustus,

56 1791 104 1836 oum
129 1779 247 1858 primam
281 1795 400 1842 oensem
428 1780 490 1858 egit
521 1777 555 1844 G.
587 1777 753 1843 (turbonem
786 1797 940 1845 soousuus.
988 1775 1076 1854 Quod

56 1876 157 1957 scriptor
181 1878 298 1958 dialogi
323 1878 359 1941 de
387 1880 556 1944 oratoribus
572 1875 624 1956 (Ἃ)
646 1879 829 1959 undeviginti
848 1881 953 1955 hobus,
978 1887 1075 1956 errut3

53 1977 150 2051 grauius
180 1980 270 2045 etism
301 1986 461 2061 penserunt
485 1980 644 2048 Lambinus
675 1988 705 2043 et
732 1981 874 2044 Pesroius
902 1981 1075 2044 moerorem

51 2084 133 2140 soree
156 2079 241 2144 fidem
262 2080 406 2153 historiae
427 2097 465 2142 ex
485 2078 610 2158 diulogo
631 2079 824 2158 corrigentes.
866 2081 960 2145 liuius
982 2097 1073 2140 seon·

50 2177 147 2241 sstiouis
173 2189 281 2262 posteo
303 2180 484 2262 poenituisse
513 2179 653 2246 Grsssnm
681 2179 761 2261 quod
788 2181 894 2246 Gieero
922 2180 992 2245 dicit
1009 2175 1073 2259 (Ἠ),

50 2278 91 2338 etsi
110 2282 200 2361 nugis
224 2283 259 2344 in
287 2282 373 2344 huius
399 2288 533 2363 tempore
555 2301 643 2363 quem
668 2281 863 2358 tinnuerunt,
888 2290 986 2344 tumen
1004 2282 1072 2346 seri

49 2377 210 2446 similitudine
237 2401 298 2448 non
327 2383 443 2446 omnino
471 2382 646 2447 destituitur.
688 2383 752 2446 Iorn
773 2383 848 2446 enim
870 2383 1072 2447 insolescebat

48 2494 94 2542 uos
116 2485 257 2548 amicitias
287 2491 317 2548 st
331 2483 492 2548 olientelos
516 2485 635 2554 veritati
655 2490 684 2546 et
704 2485 835 2549 iustitiee
856 2482 1070 2566 anteponendi3

47 2581 148 2661 serent,
165 2585 384 2668 quod-propter
399 2585 483 2648 illem
501 2586 718 2650 recusationem
732 2586 877 2650 homiuem
892 2594 921 2650 et
939 2584 1071 2648 nobilest

47 2687 66 2740 tt
85 2685 173 2749 studio
199 2687 247 2750 rei
266 2685 404 2768 publioue
429 2685 574 2765 insignem
593 2685 626 2750 G.
649 2686 817 2750 Carbonem
837 2685 966 2748 denunti
986 2685 1070 2758 illius

45 2778 112 2848 ilium
140 2789 289 2852 inimicum
318 2785 434 2859 hebuit,
467 2794 496 2848 et
522 2787 560 2848 iis
589 2786 707 2867 quidem
732 2787 928 2870 tenporibus,
961 2785 1068 2866 quibus

44 2898 199 2970 magnopere
231 2905 269 2950 ex
298 2904 334 2948 re
366 2886 557 2966 openetrum
579 2893 657 2948 esset
694 2903 753 2949 nou
785 2885 936 2948 discordie
967 2890 1070 2959 oestro

44 2976 129 3051 torro
145 2984 213 3067 (Β).
255 2986 340 3048 lilius
366 2985 492 3048 nononis
514 3004 574 3046 ons
591 2984 741 3066 partionis
761 2991 857 3046 exstet
877 2983 956 3066 opud
978 2983 1065 3047 Giee·

43 3099 117 3152 rouen
144 3091 387 3166 sersetn‚.qnee
416 3085 483 3164 ipsu
505 3086 604 3167 sopite
625 3086 723 3167 potins
745 3085 890 3166 maedam
911 3084 1065 3160 orationis,

43 3201 106 3262 tuen
124 3181 188 3254 looi
209 3187 342 3267 exeunti
362 3185 578 3250 similitudinem
598 3187 691 3250 refert
701 3182 767 3266 (Ἦ).
810 3187 952 3268 Sequitur
973 3203 1066 3248 oense

41 3285 144 3351 ituriae
160 3291 282 3366 esstote
296 3287 426 3352 Vestalis
445 3295 512 3352 sote
527 3307 555 3352 e.
574 3291 635 3352 641
649 3288 752 3353 Grnssi
767 3289 918 3368 vigesimo·
928 3288 1062 3370 septimo.

42 3382 95 3448 Guur
121 3391 198 3455 enim
225 3389 353 3452 Aemilio
377 3389 506 3454 Vestelis
537 3391 666 3454 maxims
696 3398 827 3472 stuprum
852 3390 972 3452 iecisset
996 3406 1062 3451 eum

39 3480 136 3554 Betuoio
163 3491 262 3556 Burro
290 3491 388 3572 equite
415 3489 548 3554 Romuno
578 3499 621 3566 et,
651 3509 709 3572 quo
735 3491 841 3552 tectior
867 3484 957 3562 esset,
987 3487 1060 3566 dues

38 3584 145 3665 ιίιιίιιιιι
165 3591 313 3657 Mereiom
341 3598 369 3652 et
390 3590 535 3654 Lieiriem
560 3591 644 3652 illius
669 3591 794 3654 hominis
816 3589 1060 3654 sodalibus-oon-

38 3684 160 3768 tu'liusset,
180 3692 238 3777 illu
259 3691 375 3774 quidem
396 3709 415 3754 s
436 3692 566 3772 collegio
581 3691 749 3774 poumfienm
766 3691 904 3757 demente
923 3697 982 3768 est,
1001 3690 1061 3754 hee

37 3803 223 3830 m

87 3869 128 3938 so)
143 3873 216 3928 run.
230 3872 264 3930 ιι.
274 3874 311 3932 ιι.
321 3857 413 3930 ιιιιιῖ
421 3875 444 3930 ι.
461 3854 588 3928 umes.
598 3871 656 3928 su.
667 3870 702 3926 ιι.
711 3889 738 3942 p.
749 3871 808 3928 oso.
818 3872 849 3926 z.
923 3871 969 3938 ur)
984 3870 1057 3924 nun.

36 3943 61 4004 u.
74 3949 107 4006 Ν.
122 3955 249 4014 xxxvi.
267 3959 292 4015 s.
376 3959 423 4026 us)
443 3958 500 4014 osc.
519 3957 556 4014 os
571 3953 620 4012 or.
637 3955 683 4012 ιιι.
698 3957 746 4022 eo,
766 3957 808 4010 ιι.
833 3954 913 4010 erus.
928 3954 978 4018 ro,
997 3953 1056 4012 reu.

36 4027 76 4090 ur.
91 4037 123 4095 11.
138 4041 178 4099 ιι.
256 4045 307 4114 ιι),
320 4041 590 4110 emersissent.
608 4041 864 4098 omnesones
938 4037 1015 4104 sot
1031 4051 1056 4092 c.

35 4115 68 4183 25)
88 4123 139 4182 Cio.
156 4128 240 4186 Verr.
256 4131 353 4190 Aecus.
374 4127 419 4184 111.
439 4131 462 4186 l.
505 4185 508 4189 ,
550 4125 596 4194 26)
615 4125 671 4182 Cio.
688 4127 724 4182 de
742 4122 792 4182 Or.
809 4123 855 4182 ΠΙ.
873 4123 907 4192 3,
927 4121 967 4182 10.
992 4120 1055 4182 Vol.

35 4198 255 4282 nmen
341 4208 881 4285 ιηοιιιοιιιιιιιιιιι.Δ
