<?xml version="1.0" encoding="UTF-8"?>
<!DOCTYPE html PUBLIC "-//W3C//DTD XHTML 1.0 Transitional//EN"
    "http://www.w3.org/TR/xhtml1/DTD/xhtml1-transitional.dtd">
<html xmlns="http://www.w3.org/1999/xhtml" xml:lang="en" lang="en">
 <head>
  <title>
</title>
<meta http-equiv="Content-Type" content="text/html;charset=utf-8" />
  <meta name='ocr-system' content='tesseract 3.04.00' />
  <meta name='ocr-capabilities' content='ocr_page ocr_carea ocr_par ocr_line ocrx_word'/>
</head>
<body>
  <div class='ocr_page' id='page_1' title='image "./brutussivedecla00cicegoog/brutussivedecla00cicegoog_0327.png"; bbox 0 0 2646 4772; ppageno 0'>
   <div class='ocr_carea' id='block_1_1' title="bbox 297 483 1052 566">
    <p class='ocr_par' dir='ltr' id='par_1_1' title="bbox 297 483 1052 566">
     <span class='ocr_line' id='line_1_1' title="bbox 297 483 1052 566; baseline 0.019 -16"><span class='ocrx_word' id='word_1_1' title='bbox 297 483 490 554; x_wconf 86' lang='lat' dir='ltr'>BRUTUS</span> <span class='ocrx_word' id='word_1_2' title='bbox 519 483 609 554; x_wconf 81' lang='lat' dir='ltr'>GAP.</span> <span class='ocrx_word' id='word_1_3' title='bbox 632 487 683 555; x_wconf 85' lang='grc'><strong>89.</strong></span> <span class='ocrx_word' id='word_1_4' title='bbox 706 489 757 556; x_wconf 85' lang='grc'><strong>911.</strong></span> <span class='ocrx_word' id='word_1_5' title='bbox 958 491 1052 566; x_wconf 72' lang='lat'><strong>³0!</strong></span> 
     </span>
    </p>
   </div>
   <div class='ocr_carea' id='block_1_2' title="bbox 18 651 1052 2866">
    <p class='ocr_par' dir='ltr' id='par_1_2' title="bbox 20 651 1052 2039">
     <span class='ocr_line' id='line_1_2' title="bbox 26 651 1052 747; baseline 0.01 -29"><span class='ocrx_word' id='word_1_6' title='bbox 26 671 80 718; x_wconf 89' lang='lat' dir='ltr'><strong>cum</strong></span> <span class='ocrx_word' id='word_1_7' title='bbox 98 653 238 740; x_wconf 91' lang='lat' dir='ltr'><strong>princeps</strong></span> <span class='ocrx_word' id='word_1_8' title='bbox 267 651 461 722; x_wconf 78' lang='lat' dir='ltr'><strong>Academiae</strong></span> <span class='ocrx_word' id='word_1_9' title='bbox 486 653 577 724; x_wconf 88' lang='lat' dir='ltr'><strong>Philo</strong></span> <span class='ocrx_word' id='word_1_10' title='bbox 605 673 675 723; x_wconf 90' lang='lat' dir='ltr'><strong>cum</strong></span> <span class='ocrx_word' id='word_1_11' title='bbox 699 654 938 724; x_wconf 70' lang='lat' dir='ltr'><strong>Atheniensium</strong></span> <span class='ocrx_word' id='word_1_12' title='bbox 964 671 1052 747; x_wconf 90' lang='lat' dir='ltr'><strong>optu-</strong></span> 
     </span>
     <span class='ocr_line' id='line_1_3' title="bbox 25 768 1051 864; baseline 0.011 -30"><span class='ocrx_word' id='word_1_13' title='bbox 25 769 138 838; x_wconf 85' lang='lat' dir='ltr'><strong>matibus</strong></span> <span class='ocrx_word' id='word_1_14' title='bbox 165 768 378 840; x_wconf 67' lang='lat' dir='ltr'><strong>Mithridatico</strong></span> <span class='ocrx_word' id='word_1_15' title='bbox 404 771 490 840; x_wconf 88' lang='lat' dir='ltr'><strong>bollo</strong></span> <span class='ocrx_word' id='word_1_16' title='bbox 520 773 613 842; x_wconf 90' lang='lat' dir='ltr'><strong>domo</strong></span> <span class='ocrx_word' id='word_1_17' title='bbox 646 773 839 861; x_wconf 76' lang='lat' dir='ltr'><strong>profugisset</strong></span> <span class='ocrx_word' id='word_1_18' title='bbox 857 772 1051 864; x_wconf 82' lang='lat' dir='ltr'><strong>Romamque</strong></span> 
     </span>
     <span class='ocr_line' id='line_1_4' title="bbox 24 890 1052 982; baseline 0.01 -29"><span class='ocrx_word' id='word_1_19' title='bbox 24 890 154 969; x_wconf 86' lang='lat' dir='ltr'><strong>uenisset,</strong></span> <span class='ocrx_word' id='word_1_20' title='bbox 172 899 267 956; x_wconf 87' lang='lat' dir='ltr'><strong>totum</strong></span> <span class='ocrx_word' id='word_1_21' title='bbox 289 891 320 956; x_wconf 91' lang='grc'><strong>51</strong></span> <span class='ocrx_word' id='word_1_22' title='bbox 337 909 386 958; x_wconf 90' lang='lat' dir='ltr'><strong>rno</strong></span> <span class='ocrx_word' id='word_1_23' title='bbox 404 891 520 958; x_wconf 91' lang='lat' dir='ltr'><strong>tradidi</strong></span> <span class='ocrx_word' id='word_1_24' title='bbox 538 891 717 960; x_wconf 84' lang='lat' dir='ltr'><strong>admirabili</strong></span> <span class='ocrx_word' id='word_1_25' title='bbox 734 891 871 979; x_wconf 75' lang='lat' dir='ltr'><strong>qnodm</strong></span> <span class='ocrx_word' id='word_1_26' title='bbox 891 893 932 961; x_wconf 89' lang='lat' dir='ltr'><strong>ad</strong></span> <span class='ocrx_word' id='word_1_27' title='bbox 948 893 1052 982; x_wconf 89' lang='lat' dir='ltr'><strong>pbilo-</strong></span> 
     </span>
     <span class='ocr_line' id='line_1_5' title="bbox 24 1005 1052 1098; baseline 0.01 -27"><span class='ocrx_word' id='word_1_28' title='bbox 24 1005 145 1092; x_wconf 88' lang='lat' dir='ltr'><strong>sopbian</strong></span> <span class='ocrx_word' id='word_1_29' title='bbox 162 1007 265 1076; x_wconf 86' lang='lat' dir='ltr'><strong>studio</strong></span> <span class='ocrx_word' id='word_1_30' title='bbox 287 1011 474 1078; x_wconf 82' lang='lat' dir='ltr'><strong>edacitates:</strong></span> <span class='ocrx_word' id='word_1_31' title='bbox 498 1011 532 1076; x_wconf 90' lang='lat' dir='ltr'><strong>in</strong></span> <span class='ocrx_word' id='word_1_32' title='bbox 551 1029 612 1098; x_wconf 88' lang='lat' dir='ltr'><strong>quo</strong></span> <span class='ocrx_word' id='word_1_33' title='bbox 632 1009 693 1078; x_wconf 89' lang='lat' dir='ltr'><strong>lroc</strong></span> <span class='ocrx_word' id='word_1_34' title='bbox 714 1011 809 1078; x_wconf 86' lang='lat' dir='ltr'><strong>etiarn</strong></span> <span class='ocrx_word' id='word_1_35' title='bbox 831 1011 1052 1081; x_wconf 86' lang='lat' dir='ltr'><strong>commorabar</strong></span> 
     </span>
     <span class='ocr_line' id='line_1_6' title="bbox 25 1115 1050 1216; baseline 0.007 -26"><span class='ocrx_word' id='word_1_36' title='bbox 25 1129 162 1204; x_wconf 89' lang='lat' dir='ltr'><strong>attentius,</strong></span> <span class='ocrx_word' id='word_1_37' title='bbox 185 1127 282 1214; x_wconf 89' lang='lat' dir='ltr'><strong>qnod,</strong></span> <span class='ocrx_word' id='word_1_38' title='bbox 305 1115 365 1194; x_wconf 88' lang='lat' dir='ltr'><strong>etsi</strong></span> <span class='ocrx_word' id='word_1_39' title='bbox 384 1145 488 1194; x_wconf 88' lang='lat' dir='ltr'><strong>rerum</strong></span> <span class='ocrx_word' id='word_1_40' title='bbox 508 1129 645 1215; x_wconf 88' lang='lat' dir='ltr'><strong>ipsarum</strong></span> <span class='ocrx_word' id='word_1_41' title='bbox 666 1131 805 1196; x_wconf 81' lang='lat' dir='ltr'><strong>venetas</strong></span> <span class='ocrx_word' id='word_1_42' title='bbox 822 1138 853 1196; x_wconf 90' lang='lat' dir='ltr'><strong>et</strong></span> <span class='ocrx_word' id='word_1_43' title='bbox 868 1130 1050 1216; x_wconf 77' lang='lat' dir='ltr'><strong>magnitudo</strong></span> 
     </span>
     <span class='ocr_line' id='line_1_7' title="bbox 24 1243 1049 1325; baseline 0.01 -19"><span class='ocrx_word' id='word_1_44' title='bbox 24 1261 124 1310; x_wconf 87' lang='lat' dir='ltr'><strong>sunna</strong></span> <span class='ocrx_word' id='word_1_45' title='bbox 143 1263 192 1310; x_wconf 86' lang='lat' dir='ltr'><strong>nnc</strong></span> <span class='ocrx_word' id='word_1_46' title='bbox 212 1243 420 1313; x_wconf 85' lang='lat' dir='ltr'><strong>delectatione</strong></span> <span class='ocrx_word' id='word_1_47' title='bbox 437 1245 607 1325; x_wconf 83' lang='lat' dir='ltr'><strong>retinebat,</strong></span> <span class='ocrx_word' id='word_1_48' title='bbox 627 1255 732 1313; x_wconf 88' lang='lat' dir='ltr'><strong>tamen</strong></span> <span class='ocrx_word' id='word_1_49' title='bbox 749 1245 875 1314; x_wconf 84' lang='lat' dir='ltr'><strong>sublato</strong></span> <span class='ocrx_word' id='word_1_50' title='bbox 896 1249 961 1314; x_wconf 90' lang='lat' dir='ltr'><strong>iam</strong></span> <span class='ocrx_word' id='word_1_51' title='bbox 975 1267 1049 1316; x_wconf 86' lang='lat' dir='ltr'><strong>esse</strong></span> 
     </span>
     <span class='ocr_line' id='line_1_8' title="bbox 23 1361 1052 1449; baseline 0.01 -25"><span class='ocrx_word' id='word_1_52' title='bbox 23 1363 235 1449; x_wconf 84' lang='lat' dir='ltr'><strong>inperpetuum</strong></span> <span class='ocrx_word' id='word_1_53' title='bbox 260 1365 341 1432; x_wconf 87' lang='lat' dir='ltr'><strong>ratio</strong></span> <span class='ocrx_word' id='word_1_54' title='bbox 368 1361 554 1432; x_wconf 84' lang='lat' dir='ltr'><strong>indiciorum</strong></span> <span class='ocrx_word' id='word_1_55' title='bbox 572 1363 745 1433; x_wconf 86' lang='lat' dir='ltr'><strong>uidebatur.</strong></span> <span class='ocrx_word' id='word_1_56' title='bbox 788 1364 862 1434; x_wconf 78' lang='lat' dir='ltr'><strong>aui.</strong></span> <span class='ocrx_word' id='word_1_57' title='bbox 890 1365 1052 1436; x_wconf 84' lang='lat' dir='ltr'><strong>occiderat</strong></span> 
     </span>
     <span class='ocr_line' id='line_1_9' title="bbox 24 1475 1050 1572; baseline 0.009 -29"><span class='ocrx_word' id='word_1_58' title='bbox 24 1475 161 1567; x_wconf 81' lang='lat' dir='ltr'><strong>Sulpicius</strong></span> <span class='ocrx_word' id='word_1_59' title='bbox 189 1480 247 1548; x_wconf 94' lang='lat' dir='ltr'><strong>illo</strong></span> <span class='ocrx_word' id='word_1_60' title='bbox 270 1501 352 1550; x_wconf 91' lang='lat' dir='ltr'><strong>anno</strong></span> <span class='ocrx_word' id='word_1_61' title='bbox 380 1491 507 1570; x_wconf 89' lang='lat' dir='ltr'><strong>tresque</strong></span> <span class='ocrx_word' id='word_1_62' title='bbox 528 1499 680 1572; x_wconf 80' lang='lat' dir='ltr'><strong>proxumo</strong></span> <span class='ocrx_word' id='word_1_63' title='bbox 706 1484 797 1550; x_wconf 88' lang='lat' dir='ltr'><strong>trium</strong></span> <span class='ocrx_word' id='word_1_64' title='bbox 819 1491 955 1552; x_wconf 84' lang='lat' dir='ltr'><strong>aetatum</strong></span> <span class='ocrx_word' id='word_1_65' title='bbox 976 1502 1050 1556; x_wconf 88' lang='lat' dir='ltr'><strong>ora-</strong></span> 
     </span>
     <span class='ocr_line' id='line_1_10' title="bbox 22 1599 1050 1682; baseline 0.007 -19"><span class='ocrx_word' id='word_1_66' title='bbox 22 1607 90 1665; x_wconf 93' lang='lat' dir='ltr'><strong>tores</strong></span> <span class='ocrx_word' id='word_1_67' title='bbox 114 1609 203 1667; x_wconf 90' lang='lat' dir='ltr'><strong>erant</strong></span> <span class='ocrx_word' id='word_1_68' title='bbox 234 1599 459 1670; x_wconf 87' lang='lat' dir='ltr'><strong>crudelissume</strong></span> <span class='ocrx_word' id='word_1_69' title='bbox 491 1601 645 1670; x_wconf 84' lang='lat' dir='ltr'><strong>interfanti</strong></span> <span class='ocrx_word' id='word_1_70' title='bbox 677 1599 716 1682; x_wconf 83' lang='lat' dir='ltr'><strong>Q.</strong></span> <span class='ocrx_word' id='word_1_71' title='bbox 745 1599 876 1670; x_wconf 84' lang='lat' dir='ltr'><strong>Gatulns</strong></span> <span class='ocrx_word' id='word_1_72' title='bbox 907 1600 953 1668; x_wconf 88' lang='grc' dir='ltr'><strong>Μ.</strong></span> <span class='ocrx_word' id='word_1_73' title='bbox 981 1601 1050 1670; x_wconf 77' lang='lat' dir='ltr'><strong>Arr-</strong></span> 
     </span>
     <span class='ocr_line' id='line_1_11' title="bbox 21 1715 1047 1788; baseline 0.005 -6"><span class='ocrx_word' id='word_1_74' title='bbox 21 1719 105 1785; x_wconf 86' lang='lat' dir='ltr'><strong>tonius</strong></span> <span class='ocrx_word' id='word_1_75' title='bbox 136 1717 171 1785; x_wconf 83' lang='lat' dir='ltr'><strong>G.</strong></span> <span class='ocrx_word' id='word_1_76' title='bbox 200 1716 307 1785; x_wconf 89' lang='lat' dir='ltr'><strong>lulius.</strong></span> <span class='ocrx_word' id='word_1_77' title='bbox 360 1716 480 1786; x_wconf 87' lang='lat' dir='ltr'><strong>Eodem</strong></span> <span class='ocrx_word' id='word_1_78' title='bbox 520 1737 603 1787; x_wconf 83' lang='lat' dir='ltr'><strong>armo</strong></span> <span class='ocrx_word' id='word_1_79' title='bbox 641 1719 736 1786; x_wconf 85' lang='lat' dir='ltr'><strong>etianr</strong></span> <span class='ocrx_word' id='word_1_80' title='bbox 763 1715 891 1788; x_wconf 84' lang='lat' dir='ltr'><strong>&#39;Moloni</strong></span> <span class='ocrx_word' id='word_1_81' title='bbox 924 1717 1047 1788; x_wconf 86' lang='lat' dir='ltr'><strong>Rhodio</strong></span> 
     </span>
     <span class='ocr_line' id='line_1_12' title="bbox 21 1831 1048 1924; baseline 0.005 -25"><span class='ocrx_word' id='word_1_82' title='bbox 21 1831 121 1904; x_wconf 85' lang='lat' dir='ltr'><strong>lonae</strong></span> <span class='ocrx_word' id='word_1_83' title='bbox 148 1836 291 1904; x_wconf 90' lang='lat' dir='ltr'><strong>dedimus</strong></span> <span class='ocrx_word' id='word_1_84' title='bbox 319 1855 447 1924; x_wconf 88' lang='lat' dir='ltr'><strong>operatu</strong></span> <span class='ocrx_word' id='word_1_85' title='bbox 478 1846 510 1905; x_wconf 87' lang='lat' dir='ltr'><strong>et</strong></span> <span class='ocrx_word' id='word_1_86' title='bbox 538 1837 639 1906; x_wconf 87' lang='lat' dir='ltr'><strong>actori</strong></span> <span class='ocrx_word' id='word_1_87' title='bbox 671 1855 791 1904; x_wconf 88' lang='lat' dir='ltr'><strong>sumno</strong></span> <span class='ocrx_word' id='word_1_88' title='bbox 818 1853 985 1904; x_wconf 84' lang='lat' dir='ltr'><strong>causarum</strong></span> <span class='ocrx_word' id='word_1_89' title='bbox 1017 1847 1048 1904; x_wconf 94' lang='lat' dir='ltr'><strong>et</strong></span> 
     </span>
     <span class='ocr_line' id='line_1_13' title="bbox 20 1956 161 2039; baseline 0.014 -21"><span class='ocrx_word' id='word_1_90' title='bbox 20 1956 161 2039; x_wconf 63' lang='lat' dir='ltr'><strong>napstro.</strong></span> 
     </span>
    </p>

    <p class='ocr_par' dir='ltr' id='par_1_3' title="bbox 18 2069 1049 2866">
     <span class='ocr_line' id='line_1_14' title="bbox 86 2069 1049 2158; baseline -0.002 -20"><span class='ocrx_word' id='word_1_91' title='bbox 86 2069 151 2138; x_wconf 83' lang='lat' dir='ltr'><strong>xc.</strong></span> <span class='ocrx_word' id='word_1_92' title='bbox 180 2070 268 2140; x_wconf 87' lang='lat' dir='ltr'><strong>llaec</strong></span> <span class='ocrx_word' id='word_1_93' title='bbox 295 2073 356 2138; x_wconf 91' lang='lat' dir='ltr'><strong>etsi</strong></span> <span class='ocrx_word' id='word_1_94' title='bbox 374 2071 518 2138; x_wconf 86' lang='lat' dir='ltr'><strong>uidentur</strong></span> <span class='ocrx_word' id='word_1_95' title='bbox 539 2089 612 2138; x_wconf 86' lang='lat' dir='ltr'><strong>esse</strong></span> <span class='ocrx_word' id='word_1_96' title='bbox 634 2090 655 2136; x_wconf 86' lang='lat' dir='ltr'><strong>a</strong></span> <span class='ocrx_word' id='word_1_97' title='bbox 674 2070 835 2158; x_wconf 83' lang='lat' dir='ltr'><strong>proposita</strong></span> <span class='ocrx_word' id='word_1_98' title='bbox 856 2071 978 2136; x_wconf 87' lang='lat' dir='ltr'><strong>rationo</strong></span> <span class='ocrx_word' id='word_1_99' title='bbox 1001 2069 1049 2136; x_wconf 92' lang='lat' dir='ltr'><strong>di-</strong></span> 
     </span>
     <span class='ocr_line' id='line_1_15' title="bbox 18 2188 1048 2276; baseline 0.001 -24"><span class='ocrx_word' id='word_1_100' title='bbox 18 2207 108 2270; x_wconf 87' lang='lat' dir='ltr'><strong>rersa,</strong></span> <span class='ocrx_word' id='word_1_101' title='bbox 128 2202 235 2258; x_wconf 81' lang='lat' dir='ltr'><strong>tumen</strong></span> <span class='ocrx_word' id='word_1_102' title='bbox 250 2189 370 2256; x_wconf 89' lang='lat' dir='ltr'><strong>idcirco</strong></span> <span class='ocrx_word' id='word_1_103' title='bbox 387 2207 407 2256; x_wconf 89' lang='lat' dir='ltr'><strong>a</strong></span> <span class='ocrx_word' id='word_1_104' title='bbox 422 2207 472 2256; x_wconf 88' lang='lat' dir='ltr'><strong>ma</strong></span> <span class='ocrx_word' id='word_1_105' title='bbox 488 2188 698 2276; x_wconf 82' lang='lat' dir='ltr'><strong>proteruntur,</strong></span> <span class='ocrx_word' id='word_1_106' title='bbox 722 2197 753 2254; x_wconf 89' lang='lat' dir='ltr'><strong>nt</strong></span> <span class='ocrx_word' id='word_1_107' title='bbox 768 2196 908 2254; x_wconf 86' lang='lat' dir='ltr'><strong>nostrum</strong></span> <span class='ocrx_word' id='word_1_108' title='bbox 924 2205 1048 2254; x_wconf 86' lang='lat' dir='ltr'><strong>cursum</strong></span> 
     </span>
     <span class='ocr_line' id='line_1_16' title="bbox 19 2303 1049 2396; baseline -0.001 -22"><span class='ocrx_word' id='word_1_109' title='bbox 19 2311 195 2396; x_wconf 83' lang='lat' dir='ltr'><strong>perspicere,</strong></span> <span class='ocrx_word' id='word_1_110' title='bbox 223 2309 372 2396; x_wconf 88' lang='lat' dir='ltr'><strong>quoniam</strong></span> <span class='ocrx_word' id='word_1_111' title='bbox 391 2303 535 2388; x_wconf 87' lang='lat' dir='ltr'><strong>voluisti,</strong></span> <span class='ocrx_word' id='word_1_112' title='bbox 561 2305 672 2387; x_wconf 86' lang='lat' dir='ltr'><strong>Brute,</strong></span> <span class='ocrx_word' id='word_1_113' title='bbox 700 2307 806 2396; x_wconf 89' lang='lat' dir='ltr'><strong>possis</strong></span> <span class='ocrx_word' id='word_1_114' title='bbox 828 2310 921 2388; x_wconf 88' lang='lat' dir='ltr'><strong>(nam</strong></span> <span class='ocrx_word' id='word_1_115' title='bbox 942 2305 1049 2373; x_wconf 85' lang='lat' dir='ltr'><strong>Attico</strong></span> 
     </span>
     <span class='ocr_line' id='line_1_17' title="bbox 19 2421 1049 2513; baseline 0.002 -23"><span class='ocrx_word' id='word_1_116' title='bbox 19 2421 83 2494; x_wconf 87' lang='lat' dir='ltr'><strong>baec</strong></span> <span class='ocrx_word' id='word_1_117' title='bbox 100 2439 176 2496; x_wconf 88' lang='lat' dir='ltr'><strong>nota</strong></span> <span class='ocrx_word' id='word_1_118' title='bbox 191 2428 275 2511; x_wconf 89' lang='lat' dir='ltr'><strong>sunt)</strong></span> <span class='ocrx_word' id='word_1_119' title='bbox 294 2436 325 2494; x_wconf 88' lang='lat' dir='ltr'><strong>et</strong></span> <span class='ocrx_word' id='word_1_120' title='bbox 339 2426 448 2494; x_wconf 83' lang='lat' dir='ltr'><strong>nidere</strong></span> <span class='ocrx_word' id='word_1_121' title='bbox 471 2445 563 2513; x_wconf 84' lang='lat' dir='ltr'><strong>quem</strong></span> <span class='ocrx_word' id='word_1_122' title='bbox 584 2425 625 2492; x_wconf 85' lang='lat' dir='ltr'><strong>ad</strong></span> <span class='ocrx_word' id='word_1_123' title='bbox 640 2424 763 2492; x_wconf 88' lang='lat' dir='ltr'><strong>modum</strong></span> <span class='ocrx_word' id='word_1_124' title='bbox 781 2425 878 2490; x_wconf 90' lang='lat' dir='ltr'><strong>simus</strong></span> <span class='ocrx_word' id='word_1_125' title='bbox 900 2425 933 2492; x_wconf 92' lang='lat' dir='ltr'><strong>in</strong></span> <span class='ocrx_word' id='word_1_126' title='bbox 946 2425 1049 2512; x_wconf 86' lang='lat' dir='ltr'><strong>spatio</strong></span> 
     </span>
     <span class='ocr_line' id='line_1_18' title="bbox 19 2540 1048 2633; baseline 0 -23"><span class='ocrx_word' id='word_1_127' title='bbox 19 2540 47 2622; x_wconf 82' lang='lat' dir='ltr'><strong>Q.</strong></span> <span class='ocrx_word' id='word_1_128' title='bbox 65 2542 260 2614; x_wconf 84' lang='lat' dir='ltr'><strong>Hortensium</strong></span> <span class='ocrx_word' id='word_1_129' title='bbox 281 2546 381 2632; x_wconf 89' lang='lat' dir='ltr'><strong>ipsius</strong></span> <span class='ocrx_word' id='word_1_130' title='bbox 401 2545 545 2631; x_wconf 83' lang='lat' dir='ltr'><strong>uestigiis</strong></span> <span class='ocrx_word' id='word_1_131' title='bbox 566 2545 732 2633; x_wconf 89' lang='lat' dir='ltr'><strong>persecuti.</strong></span> <span class='ocrx_word' id='word_1_132' title='bbox 769 2541 842 2610; x_wconf 82' lang='grc'><strong>308.</strong></span> <span class='ocrx_word' id='word_1_133' title='bbox 864 2540 1048 2610; x_wconf 83' lang='lat' dir='ltr'><strong>Triennium</strong></span> 
     </span>
     <span class='ocr_line' id='line_1_19' title="bbox 19 2659 1049 2741; baseline 0.001 -17"><span class='ocrx_word' id='word_1_134' title='bbox 19 2659 70 2728; x_wconf 89' lang='lat' dir='ltr'><strong>iere</strong></span> <span class='ocrx_word' id='word_1_135' title='bbox 95 2663 153 2730; x_wconf 86' lang='lat' dir='ltr'><strong>fuit</strong></span> <span class='ocrx_word' id='word_1_136' title='bbox 175 2662 249 2730; x_wconf 93' lang='lat' dir='ltr'><strong>urbs</strong></span> <span class='ocrx_word' id='word_1_137' title='bbox 277 2665 345 2730; x_wconf 90' lang='lat' dir='ltr'><strong>sine</strong></span> <span class='ocrx_word' id='word_1_138' title='bbox 369 2665 484 2741; x_wconf 87' lang='lat' dir='ltr'><strong>armis,</strong></span> <span class='ocrx_word' id='word_1_139' title='bbox 512 2662 570 2729; x_wconf 94' lang='lat' dir='ltr'><strong>sed</strong></span> <span class='ocrx_word' id='word_1_140' title='bbox 592 2672 749 2730; x_wconf 87' lang='lat' dir='ltr'><strong>oratorum</strong></span> <span class='ocrx_word' id='word_1_141' title='bbox 771 2670 823 2726; x_wconf 89' lang='lat' dir='ltr'><strong>aut</strong></span> <span class='ocrx_word' id='word_1_142' title='bbox 847 2661 973 2726; x_wconf 85' lang='lat' dir='ltr'><strong>interitu</strong></span> <span class='ocrx_word' id='word_1_143' title='bbox 996 2668 1049 2726; x_wconf 86' lang='lat' dir='ltr'><strong>ant</strong></span> 
     </span>
     <span class='ocr_line' id='line_1_20' title="bbox 19 2773 1046 2866; baseline -0.005 -22"><span class='ocrx_word' id='word_1_144' title='bbox 19 2779 145 2850; x_wconf 86' lang='lat' dir='ltr'><strong>discessu</strong></span> <span class='ocrx_word' id='word_1_145' title='bbox 172 2792 225 2848; x_wconf 87' lang='lat' dir='ltr'><strong>aut</strong></span> <span class='ocrx_word' id='word_1_146' title='bbox 250 2780 328 2866; x_wconf 79' lang='lat' dir='ltr'><strong>tuga</strong></span> <span class='ocrx_word' id='word_1_147' title='bbox 357 2783 443 2864; x_wconf 89' lang='lat' dir='ltr'><strong>(nam</strong></span> <span class='ocrx_word' id='word_1_148' title='bbox 473 2780 606 2846; x_wconf 85' lang='lat' dir='ltr'><strong>aberant</strong></span> <span class='ocrx_word' id='word_1_149' title='bbox 634 2781 730 2844; x_wconf 86' lang='lat' dir='ltr'><strong>etiam</strong></span> <span class='ocrx_word' id='word_1_150' title='bbox 758 2777 978 2844; x_wconf 84' lang='lat' dir='ltr'><strong>adolescentes</strong></span> <span class='ocrx_word' id='word_1_151' title='bbox 1002 2773 1046 2839; x_wconf 89' lang='lat' dir='ltr'><strong>M.</strong></span> 
     </span>
    </p>
   </div>
   <div class='ocr_carea' id='block_1_3' title="bbox 17 3022 1049 3356">
    <p class='ocr_par' dir='ltr' id='par_1_4' title="bbox 17 3022 1049 3356">
     <span class='ocr_line' id='line_1_21' title="bbox 19 3022 1048 3102; baseline -0.01 -15"><span class='ocrx_word' id='word_1_152' title='bbox 19 3031 214 3098; x_wconf 80' lang='lat' dir='ltr'><strong>muttmsautts]</strong></span> <span class='ocrx_word' id='word_1_153' title='bbox 239 3035 251 3085; x_wconf 95' lang='lat' dir='ltr'><strong>t</strong></span> <span class='ocrx_word' id='word_1_154' title='bbox 274 3027 326 3102; x_wconf 69' lang='lat' dir='ltr'><strong>11ss.</strong></span> <span class='ocrx_word' id='word_1_155' title='bbox 346 3045 454 3096; x_wconf 89' lang='lat' dir='ltr'><strong>omnes,</strong></span> <span class='ocrx_word' id='word_1_156' title='bbox 480 3027 552 3083; x_wconf 81' lang='lat' dir='ltr'><strong>Van.</strong></span> <span class='ocrx_word' id='word_1_157' title='bbox 568 3027 591 3083; x_wconf 97' lang='grc'><strong>1.</strong></span> <span class='ocrx_word' id='word_1_158' title='bbox 610 3022 670 3082; x_wconf 85' lang='lat' dir='ltr'><strong>(iti.</strong></span> <span class='ocrx_word' id='word_1_159' title='bbox 692 3025 744 3082; x_wconf 86' lang='lat' dir='ltr'><strong>Gn.</strong></span> <span class='ocrx_word' id='word_1_160' title='bbox 760 3025 801 3092; x_wconf 90' lang='grc'><strong>1.,</strong></span> <span class='ocrx_word' id='word_1_161' title='bbox 825 3023 935 3093; x_wconf 86' lang='lat' dir='ltr'><strong>quidam</strong></span> <span class='ocrx_word' id='word_1_162' title='bbox 957 3032 1048 3078; x_wconf 86' lang='lat' dir='ltr'><strong>auteur</strong></span> 
     </span>
     <span class='ocr_line' id='line_1_22' title="bbox 18 3109 1049 3188; baseline -0.007 -18"><span class='ocrx_word' id='word_1_163' title='bbox 18 3115 197 3176; x_wconf 66' lang='lat' dir='ltr'><strong>omousius.</strong></span> <span class='ocrx_word' id='word_1_164' title='bbox 221 3142 257 3157; x_wconf 84' lang='lat'><em>-</em></span> <span class='ocrx_word' id='word_1_165' title='bbox 287 3113 504 3188; x_wconf 75' lang='lat' dir='ltr'><strong>optumatibus]</strong></span> <span class='ocrx_word' id='word_1_166' title='bbox 530 3113 570 3168; x_wconf 77' lang='lat' dir='ltr'><strong>ste</strong></span> <span class='ocrx_word' id='word_1_167' title='bbox 591 3111 642 3183; x_wconf 76' lang='lat' dir='ltr'><strong>Lg.</strong></span> <span class='ocrx_word' id='word_1_168' title='bbox 660 3109 685 3166; x_wconf 90' lang='grc'><strong>8.</strong></span> <span class='ocrx_word' id='word_1_169' title='bbox 706 3110 748 3164; x_wconf 90' lang='grc'><strong>51.</strong></span> <span class='ocrx_word' id='word_1_170' title='bbox 769 3109 811 3164; x_wconf 78' lang='grc'><strong>53.</strong></span> <span class='ocrx_word' id='word_1_171' title='bbox 833 3110 875 3165; x_wconf 88' lang='grc'><strong>58.</strong></span> <span class='ocrx_word' id='word_1_172' title='bbox 894 3109 937 3166; x_wconf 85' lang='grc'><strong>58.</strong></span> <span class='ocrx_word' id='word_1_173' title='bbox 956 3109 990 3164; x_wconf 86' lang='grc'><strong>70</strong></span> <span class='ocrx_word' id='word_1_174' title='bbox 1008 3110 1049 3178; x_wconf 89' lang='lat' dir='ltr'><strong>(is</strong></span> 
     </span>
     <span class='ocr_line' id='line_1_23' title="bbox 17 3194 1047 3273; baseline -0.007 -17"><span class='ocrx_word' id='word_1_175' title='bbox 17 3199 231 3273; x_wconf 72' lang='lat' dir='ltr'><strong>opipatoribus).</strong></span> <span class='ocrx_word' id='word_1_176' title='bbox 244 3229 281 3242; x_wconf 91' lang='lat'>-</span> <span class='ocrx_word' id='word_1_177' title='bbox 299 3201 394 3272; x_wconf 83' lang='lat' dir='ltr'><strong>quod,</strong></span> <span class='ocrx_word' id='word_1_178' title='bbox 412 3201 482 3268; x_wconf 78' lang='lat' dir='ltr'><strong>atet]</strong></span> <span class='ocrx_word' id='word_1_179' title='bbox 498 3197 578 3272; x_wconf 77' lang='lat' dir='ltr'><strong>quod</strong></span> <span class='ocrx_word' id='word_1_180' title='bbox 594 3213 647 3253; x_wconf 86' lang='lat' dir='ltr'><strong>ons.</strong></span> <span class='ocrx_word' id='word_1_181' title='bbox 661 3194 713 3268; x_wconf 74' lang='lat' dir='ltr'><strong>lag.</strong></span> <span class='ocrx_word' id='word_1_182' title='bbox 725 3201 838 3266; x_wconf 86' lang='lat' dir='ltr'><strong>praeter</strong></span> <span class='ocrx_word' id='word_1_183' title='bbox 851 3194 894 3252; x_wconf 78' lang='grc'><strong>53.</strong></span> <span class='ocrx_word' id='word_1_184' title='bbox 906 3194 965 3264; x_wconf 87' lang='grc'><strong>58.,</strong></span> <span class='ocrx_word' id='word_1_185' title='bbox 984 3195 1047 3250; x_wconf 89' lang='lat' dir='ltr'><strong>item</strong></span> 
     </span>
     <span class='ocr_line' id='line_1_24' title="bbox 17 3279 847 3356; baseline -0.006 -16"><span class='ocrx_word' id='word_1_186' title='bbox 17 3285 86 3346; x_wconf 84' lang='lat' dir='ltr'><strong>(lul.</strong></span> <span class='ocrx_word' id='word_1_187' title='bbox 107 3287 178 3342; x_wconf 87' lang='lat' dir='ltr'><strong>Ven.</strong></span> <span class='ocrx_word' id='word_1_188' title='bbox 190 3287 213 3342; x_wconf 91' lang='lat' dir='ltr'><strong>l.</strong></span> <span class='ocrx_word' id='word_1_189' title='bbox 230 3315 266 3330; x_wconf 83' lang='lat'><strong>·-</strong></span> <span class='ocrx_word' id='word_1_190' title='bbox 292 3287 405 3356; x_wconf 80' lang='lat' dir='ltr'><strong>tamen]</strong></span> <span class='ocrx_word' id='word_1_191' title='bbox 424 3284 477 3340; x_wconf 81' lang='lat' dir='ltr'><strong>ssd</strong></span> <span class='ocrx_word' id='word_1_192' title='bbox 494 3291 594 3339; x_wconf 82' lang='lat' dir='ltr'><strong>tameo</strong></span> <span class='ocrx_word' id='word_1_193' title='bbox 610 3280 660 3354; x_wconf 76' lang='lat' dir='ltr'><strong>bg.</strong></span> <span class='ocrx_word' id='word_1_194' title='bbox 679 3287 789 3353; x_wconf 85' lang='lat' dir='ltr'><strong>pruetsr</strong></span> <span class='ocrx_word' id='word_1_195' title='bbox 804 3279 847 3336; x_wconf 83' lang='grc'><strong>35.</strong></span> 
     </span>
    </p>
   </div>
   <div class='ocr_carea' id='block_1_4' title="bbox 17 3443 1047 3696">
    <p class='ocr_par' dir='ltr' id='par_1_5' title="bbox 17 3443 1047 3696">
     <span class='ocr_line' id='line_1_25' title="bbox 68 3443 1047 3528; baseline -0.014 -16"><span class='ocrx_word' id='word_1_196' title='bbox 68 3458 129 3512; x_wconf 79' lang='lat' dir='ltr'><strong>aot.</strong></span> <span class='ocrx_word' id='word_1_197' title='bbox 163 3455 322 3528; x_wconf 69' lang='lat' dir='ltr'><strong>proxumo]</strong></span> <span class='ocrx_word' id='word_1_198' title='bbox 345 3455 387 3509; x_wconf 88' lang='lat' dir='ltr'><strong>sic</strong></span> <span class='ocrx_word' id='word_1_199' title='bbox 407 3453 458 3526; x_wconf 72' lang='lat' dir='ltr'><strong>lup.</strong></span> <span class='ocrx_word' id='word_1_200' title='bbox 475 3453 501 3510; x_wconf 88' lang='grc'><strong>8.</strong></span> <span class='ocrx_word' id='word_1_201' title='bbox 525 3452 567 3508; x_wconf 86' lang='grc'><strong>35.</strong></span> <span class='ocrx_word' id='word_1_202' title='bbox 591 3449 695 3506; x_wconf 80' lang='grc'><strong>5153.</strong></span> <span class='ocrx_word' id='word_1_203' title='bbox 716 3449 759 3504; x_wconf 89' lang='grc'><strong>58.</strong></span> <span class='ocrx_word' id='word_1_204' title='bbox 776 3447 821 3504; x_wconf 85' lang='grc'><strong>58.</strong></span> <span class='ocrx_word' id='word_1_205' title='bbox 847 3443 905 3502; x_wconf 78' lang='lat' dir='ltr'><strong>Ost.</strong></span> <span class='ocrx_word' id='word_1_206' title='bbox 931 3443 994 3500; x_wconf 84' lang='lat' dir='ltr'><strong>Vat.</strong></span> <span class='ocrx_word' id='word_1_207' title='bbox 1012 3471 1047 3484; x_wconf 89' lang='lat'>-</span> 
     </span>
     <span class='ocr_line' id='line_1_26' title="bbox 17 3527 1047 3611; baseline -0.014 -15"><span class='ocrx_word' id='word_1_208' title='bbox 17 3541 227 3610; x_wconf 75' lang='lat' dir='ltr'><strong>mudeltcsumn]</strong></span> <span class='ocrx_word' id='word_1_209' title='bbox 253 3541 293 3594; x_wconf 87' lang='lat' dir='ltr'><strong>sic</strong></span> <span class='ocrx_word' id='word_1_210' title='bbox 310 3527 361 3611; x_wconf 74' lang='lat' dir='ltr'><strong>lug.</strong></span> <span class='ocrx_word' id='word_1_211' title='bbox 377 3538 404 3595; x_wconf 79' lang='grc'><strong>8</strong></span> <span class='ocrx_word' id='word_1_212' title='bbox 420 3539 463 3594; x_wconf 93' lang='grc'><strong>51.</strong></span> <span class='ocrx_word' id='word_1_213' title='bbox 489 3535 598 3594; x_wconf 66' lang='grc'><strong>015-</strong></span> <span class='ocrx_word' id='word_1_214' title='bbox 626 3534 763 3601; x_wconf 78' lang='lat' dir='ltr'><strong>Catulus]</strong></span> <span class='ocrx_word' id='word_1_215' title='bbox 784 3531 918 3588; x_wconf 77' lang='lat' dir='ltr'><strong>Catullus</strong></span> <span class='ocrx_word' id='word_1_216' title='bbox 937 3529 987 3600; x_wconf 66' lang='lat' dir='ltr'><strong>lug,</strong></span> <span class='ocrx_word' id='word_1_217' title='bbox 1004 3527 1047 3584; x_wconf 84' lang='grc'><strong>39.</strong></span> 
     </span>
     <span class='ocr_line' id='line_1_27' title="bbox 18 3613 991 3696; baseline -0.01 -16"><span class='ocrx_word' id='word_1_218' title='bbox 18 3621 62 3680; x_wconf 82' lang='lat' dir='ltr'><strong>[ltu</strong></span> <span class='ocrx_word' id='word_1_219' title='bbox 78 3627 131 3682; x_wconf 85' lang='lat' dir='ltr'><strong>Gn.</strong></span> <span class='ocrx_word' id='word_1_220' title='bbox 144 3626 183 3694; x_wconf 88' lang='grc'><strong>1.,</strong></span> <span class='ocrx_word' id='word_1_221' title='bbox 200 3626 248 3696; x_wconf 83' lang='lat' dir='ltr'><strong>qni</strong></span> <span class='ocrx_word' id='word_1_222' title='bbox 264 3625 305 3680; x_wconf 84' lang='lat' dir='ltr'><strong>sic</strong></span> <span class='ocrx_word' id='word_1_223' title='bbox 321 3625 431 3696; x_wconf 84' lang='lat' dir='ltr'><strong>ubique.</strong></span> <span class='ocrx_word' id='word_1_224' title='bbox 447 3653 483 3664; x_wconf 91' lang='lat'><em>-</em></span> <span class='ocrx_word' id='word_1_225' title='bbox 507 3621 637 3689; x_wconf 75' lang='lat' dir='ltr'><strong>Moloni]</strong></span> <span class='ocrx_word' id='word_1_226' title='bbox 654 3618 762 3674; x_wconf 77' lang='lat' dir='ltr'><strong>mitent</strong></span> <span class='ocrx_word' id='word_1_227' title='bbox 779 3615 830 3673; x_wconf 87' lang='lat' dir='ltr'><strong>Gn.</strong></span> <span class='ocrx_word' id='word_1_228' title='bbox 843 3615 866 3671; x_wconf 91' lang='lat' dir='ltr'><strong>l.</strong></span> <span class='ocrx_word' id='word_1_229' title='bbox 886 3613 991 3686; x_wconf 58' lang='lat' dir='ltr'><strong>Luta.</strong></span> 
     </span>
    </p>
   </div>
   <div class='ocr_carea' id='block_1_5' title="bbox 19 3781 1051 3950">
    <p class='ocr_par' dir='ltr' id='par_1_6' title="bbox 19 3781 1051 3950">
     <span class='ocr_line' id='line_1_28' title="bbox 70 3781 1049 3868; baseline -0.016 -17"><span class='ocrx_word' id='word_1_230' title='bbox 70 3795 129 3851; x_wconf 79' lang='lat' dir='ltr'><strong>XC.</strong></span> <span class='ocrx_word' id='word_1_231' title='bbox 160 3798 321 3868; x_wconf 77' lang='lat' dir='ltr'><strong>proposita</strong></span> <span class='ocrx_word' id='word_1_232' title='bbox 332 3795 462 3863; x_wconf 80' lang='lat' dir='ltr'><strong>ratione]</strong></span> <span class='ocrx_word' id='word_1_233' title='bbox 473 3810 524 3866; x_wconf 77' lang='lat' dir='ltr'><strong>pr.</strong></span> <span class='ocrx_word' id='word_1_234' title='bbox 538 3793 673 3846; x_wconf 79' lang='lat' dir='ltr'><strong>oratione</strong></span> <span class='ocrx_word' id='word_1_235' title='bbox 687 3787 751 3842; x_wconf 81' lang='lat' dir='ltr'><strong>Asc.</strong></span> <span class='ocrx_word' id='word_1_236' title='bbox 766 3783 875 3848; x_wconf 56' lang='lat' dir='ltr'><strong>Lauta</strong></span> <span class='ocrx_word' id='word_1_237' title='bbox 893 3781 960 3836; x_wconf 91' lang='lat' dir='ltr'><strong>illud</strong></span> <span class='ocrx_word' id='word_1_238' title='bbox 972 3789 1049 3836; x_wconf 85' lang='lat' dir='ltr'><strong>recte</strong></span> 
     </span>
     <span class='ocr_line' id='line_1_29' title="bbox 19 3867 1051 3950; baseline -0.015 -17"><span class='ocrx_word' id='word_1_239' title='bbox 19 3873 86 3933; x_wconf 86' lang='lat' dir='ltr'><strong>labet</strong></span> <span class='ocrx_word' id='word_1_240' title='bbox 104 3883 181 3940; x_wconf 75' lang='lat' dir='ltr'><strong>ullos</strong></span> <span class='ocrx_word' id='word_1_241' title='bbox 196 3877 282 3950; x_wconf 74' lang='grc' dir='ltr'><strong><em>λόγου</em></strong></span> <span class='ocrx_word' id='word_1_242' title='bbox 305 3877 476 3950; x_wconf 59' lang='lat' dir='ltr'><strong>significatum</strong></span> <span class='ocrx_word' id='word_1_243' title='bbox 501 3885 543 3932; x_wconf 87' lang='lat' dir='ltr'><strong>est</strong></span> <span class='ocrx_word' id='word_1_244' title='bbox 566 3873 637 3930; x_wconf 79' lang='lat' dir='ltr'><strong>enlm</strong></span> <span class='ocrx_word' id='word_1_245' title='bbox 658 3878 740 3930; x_wconf 82' lang='lat' dir='ltr'><strong>rutto</strong></span> <span class='ocrx_word' id='word_1_246' title='bbox 758 3869 830 3927; x_wconf 83' lang='lat' dir='ltr'><strong>ltutc</strong></span> <span class='ocrx_word' id='word_1_247' title='bbox 848 3867 1051 3939; x_wconf 75' lang='lat' dir='ltr'><strong>disputationi</strong></span> 
     </span>
    </p>
   </div>
   <div class='ocr_carea' id='block_1_6' title="bbox 19 3948 1050 4106">
    <p class='ocr_par' dir='ltr' id='par_1_7' title="bbox 19 3948 1050 4106">
     <span class='ocr_line' id='line_1_30' title="bbox 19 3948 1050 4038; baseline -0.031 -6"><span class='ocrx_word' id='word_1_248' title='bbox 19 3969 168 4036; x_wconf 58' lang='lat' dir='ltr'><strong>impilm·</strong></span> <span class='ocrx_word' id='word_1_249' title='bbox 188 3995 220 4006; x_wconf 91' lang='lat'><em>-</em></span> <span class='ocrx_word' id='word_1_250' title='bbox 247 3966 360 4038; x_wconf 77' lang='lat' dir='ltr'><strong>spatio]</strong></span> <span class='ocrx_word' id='word_1_251' title='bbox 386 3963 488 4020; x_wconf 81' lang='lat' dir='ltr'><strong>studio</strong></span> <span class='ocrx_word' id='word_1_252' title='bbox 506 3959 637 4018; x_wconf 84' lang='lat' dir='ltr'><strong>Orellius.</strong></span> <span class='ocrx_word' id='word_1_253' title='bbox 672 3955 816 4030; x_wconf 75' lang='lat' dir='ltr'><strong>Spatium</strong></span> <span class='ocrx_word' id='word_1_254' title='bbox 837 3948 974 4022; x_wconf 75' lang='lat' dir='ltr'><strong>significat</strong></span> <span class='ocrx_word' id='word_1_255' title='bbox 990 3963 1050 4002; x_wconf 84' lang='lat' dir='ltr'><strong>our·</strong></span> 
     </span>
     <span class='ocr_line' id='line_1_31' title="bbox 19 4033 1048 4106; baseline -0.019 -3"><span class='ocrx_word' id='word_1_256' title='bbox 19 4061 63 4102; x_wconf 86' lang='lat' dir='ltr'><strong>tum</strong></span> <span class='ocrx_word' id='word_1_257' title='bbox 86 4051 146 4106; x_wconf 90' lang='lat' dir='ltr'><strong>sive</strong></span> <span class='ocrx_word' id='word_1_258' title='bbox 170 4049 360 4106; x_wconf 81' lang='lat' dir='ltr'><strong>certaminibus</strong></span> <span class='ocrx_word' id='word_1_259' title='bbox 384 4052 444 4105; x_wconf 82' lang='lat' dir='ltr'><strong>sivo</strong></span> <span class='ocrx_word' id='word_1_260' title='bbox 469 4044 683 4103; x_wconf 81' lang='lat' dir='ltr'><strong>confabulationi</strong></span> <span class='ocrx_word' id='word_1_261' title='bbox 706 4039 846 4098; x_wconf 74' lang='grc'><strong>1115555155</strong></span> <span class='ocrx_word' id='word_1_262' title='bbox 868 4033 1048 4096; x_wconf 65' lang='lat' dir='ltr'><strong>dannatum</strong></span> 
     </span>
    </p>
   </div>
   <div class='ocr_carea' id='block_1_7' title="bbox 19 4116 1051 4296">
    <p class='ocr_par' dir='ltr' id='par_1_8' title="bbox 19 4116 1051 4296">
     <span class='ocr_line' id='line_1_32' title="bbox 19 4116 1050 4209; baseline -0.017 -19"><span class='ocrx_word' id='word_1_263' title='bbox 19 4137 110 4190; x_wconf 73' lang='lat' dir='ltr'><strong>domuit</strong></span> <span class='ocrx_word' id='word_1_264' title='bbox 120 4133 303 4209; x_wconf 81' lang='lat' dir='ltr'><strong>Bernhardy,</strong></span> <span class='ocrx_word' id='word_1_265' title='bbox 314 4136 389 4191; x_wconf 83' lang='lat' dir='ltr'><strong>idem</strong></span> <span class='ocrx_word' id='word_1_266' title='bbox 402 4135 526 4190; x_wconf 89' lang='lat' dir='ltr'><strong>indicans</strong></span> <span class='ocrx_word' id='word_1_267' title='bbox 538 4124 670 4188; x_wconf 76' lang='grc'><strong>1151515111</strong></span> <span class='ocrx_word' id='word_1_268' title='bbox 683 4127 737 4200; x_wconf 80' lang='lat' dir='ltr'><strong>rip.</strong></span> <span class='ocrx_word' id='word_1_269' title='bbox 750 4123 816 4180; x_wconf 79' lang='lat' dir='ltr'><strong>crit</strong></span> <span class='ocrx_word' id='word_1_270' title='bbox 831 4121 860 4176; x_wconf 93' lang='lat' dir='ltr'><strong>ln</strong></span> <span class='ocrx_word' id='word_1_271' title='bbox 872 4116 1050 4187; x_wconf 86' lang='lat' dir='ltr'><strong>Propertium</strong></span> 
     </span>
     <span class='ocr_line' id='line_1_33' title="bbox 20 4202 1051 4296; baseline -0.024 -13"><span class='ocrx_word' id='word_1_272' title='bbox 20 4217 186 4292; x_wconf 66' lang='grc'><strong>573155-</strong></span> <span class='ocrx_word' id='word_1_273' title='bbox 202 4223 310 4296; x_wconf 79' lang='lat' dir='ltr'><strong>iprtus]</strong></span> <span class='ocrx_word' id='word_1_274' title='bbox 329 4221 432 4291; x_wconf 82' lang='lat' dir='ltr'><strong>qnippe</strong></span> <span class='ocrx_word' id='word_1_275' title='bbox 448 4228 478 4275; x_wconf 87' lang='lat' dir='ltr'><strong>ut</strong></span> <span class='ocrx_word' id='word_1_276' title='bbox 495 4235 556 4274; x_wconf 84' lang='lat' dir='ltr'><strong>eum</strong></span> <span class='ocrx_word' id='word_1_277' title='bbox 572 4218 600 4271; x_wconf 93' lang='lat' dir='ltr'><strong>ln</strong></span> <span class='ocrx_word' id='word_1_278' title='bbox 617 4217 669 4272; x_wconf 85' lang='lat' dir='ltr'><strong>sua</strong></span> <span class='ocrx_word' id='word_1_279' title='bbox 682 4221 744 4268; x_wconf 85' lang='lat' dir='ltr'><strong>arte</strong></span> <span class='ocrx_word' id='word_1_280' title='bbox 758 4216 947 4278; x_wconf 68' lang='lat' dir='ltr'><strong>monuerunt.</strong></span> <span class='ocrx_word' id='word_1_281' title='bbox 972 4202 1051 4273; x_wconf 73' lang='lat' dir='ltr'><strong>spru</strong></span> 
     </span>
    </p>
   </div>
   <div class='ocr_carea' id='block_1_8' title="bbox 20 4301 840 4460">
    <p class='ocr_par' dir='ltr' id='par_1_9' title="bbox 20 4301 840 4460">
     <span class='ocr_line' id='line_1_34' title="bbox 20 4301 816 4460; baseline 0.004 -100"><span class='ocrx_word' id='word_1_282' title='bbox 20 4301 117 4376; x_wconf 78' lang='lat' dir='ltr'><strong>lumb,</strong></span> <span class='ocrx_word' id='word_1_283' title='bbox 129 4310 213 4380; x_wconf 74' lang='lat' dir='ltr'><strong>quasi</strong></span> <span class='ocrx_word' id='word_1_284' title='bbox 229 4309 264 4364; x_wconf 88' lang='lat' dir='ltr'><strong>de</strong></span> <span class='ocrx_word' id='word_1_285' title='bbox 281 4306 442 4380; x_wconf 83' lang='lat' dir='ltr'><strong>pediseque.</strong></span> <span class='ocrx_word' id='word_1_286' title='bbox 794 4395 816 4460; x_wconf 74' lang='lat'>⁰</span> 
     </span>
     <span class='ocr_line' id='line_1_35' title="bbox 772 4397 840 4460; baseline 0 -28"><span class='ocrx_word' id='word_1_287' title='bbox 772 4397 793 4460; x_wconf 75' lang='lat'>2</span> <span class='ocrx_word' id='word_1_288' title='bbox 825 4399 840 4432; x_wconf 69' lang='grc'><strong>11</strong></span> 
     </span>
    </p>
   </div>
   <div class='ocr_carea' id='block_1_9' title="bbox 0 0 1328 4772">
    <p class='ocr_par' dir='ltr' id='par_1_10' title="bbox 0 0 1328 4772">
     <span class='ocr_line' id='line_1_36' title="bbox 0 0 1328 4772; baseline 0 0"><span class='ocrx_word' id='word_1_289' title='bbox 0 0 1328 4772; x_wconf 95' lang='lat' dir='ltr'><strong> </strong></span> 
     </span>
    </p>
   </div>
  </div>
 </body>
</html>
