2646 4772
241 401 341 474 m
369 399 779 471 uxrurcn'rlouua
811 400 1156 473 INTRODUGTIO.

240 591 344 640 meres
371 573 530 658 ingenium
560 573 716 640 sentiendi
743 575 897 641 rationem
918 573 1159 661 eohoquentinm
1178 576 1267 642 uiuida

240 678 374 765 quadarn
403 679 541 763 imagine
569 679 729 764 eihngere.
771 677 840 746 Huc
866 679 952 746 refer
975 678 1016 745 de
1035 677 1132 746 Bruto
1154 698 1267 746 causan

240 782 420 849 instituendi
442 783 564 869 dialogi
590 803 659 850 cn
686 793 869 869 argumemo
892 785 1053 871 aph‘ssinre
1073 785 1267 859 coniunctam
1310 767 1311 800 *

240 885 353 954 deinde
379 891 515 956 emturis
544 899 575 955 et
605 888 749 956 historici
777 888 817 954 de
843 907 948 954 rerum
970 886 1163 955 Graecarum
1183 889 1268 974 eapite

240 993 374 1082 quodam
402 993 548 1060 festivam
569 993 801 1060 dissensionem
819 995 862 1074 (c.
884 993 957 1073 ll);
983 1003 1048 1058 tum
1068 995 1166 1060 Attici
1189 995 1269 1058 inter-

239 1097 428 1188 pellationes
454 1117 523 1164 cum
545 1097 679 1184 pedam
699 1096 943 1184 reprehensione
965 1099 1149 1164 wmuumas
1169 1101 1209 1178 (a
1228 1095 1269 1160 69.

240 1204 292 1271 77.
313 1203 357 1269 85
377 1205 482 1290 squ),
508 1221 590 1289 quae
618 1223 658 1269 eo
685 1203 820 1270 consilio
849 1204 1009 1268 institutae
1036 1212 1121 1280 suut,
1150 1212 1182 1268 ut
1204 1219 1269 1288 quae

242 1305 356 1376 cicero
383 1325 487 1373 rerum
506 1305 717 1374 Romanarum
745 1307 916 1374 admiratur
937 1307 977 1374 de
1000 1306 1196 1394 popularium
1214 1305 1270 1369 lau-

241 1411 333 1478 dibus
355 1411 474 1478 dixisse
495 1413 654 1480 uideretur
674 1412 871 1479 ambitiosius
893 1411 933 1478 ab
955 1411 1058 1478 altera
1076 1422 1166 1499 parte
1182 1427 1270 1498 repre·

151 1525 156 1534 “
240 1518 342 1585 hensa
369 1517 503 1604 quodm
529 1527 771 1605 temperamento
793 1518 1050 1605 deprimerentur,
1078 1526 1110 1581 et
1139 1514 1270 1581 studiosis

241 1625 383 1713 quidem,
417 1622 474 1690 scd
503 1625 605 1689 minus
625 1625 734 1710 peritis
762 1621 945 1688 lectioribus
970 1619 1098 1687 facilior
1118 1620 1164 1686 ad
1181 1636 1272 1685 ueruu

239 1728 456 1798 inveniendum
482 1730 538 1794 via
561 1727 740 1816 patefieret;
767 1735 927 1813 pestremo
950 1745 991 1790 ne
1014 1725 1053 1790 de
1074 1727 1160 1791 uiuis
1180 1734 1209 1790 et
1226 1741 1271 1809 po-

238 1834 374 1902 tentibus
392 1832 565 1920 captandae
581 1834 705 1918 gratiae
723 1849 823 1897 causa
838 1829 1001 1897 honestius
1022 1829 1185 1896 iudicasse
1200 1826 1273 1894 uidc-

149 1983 153 1988 -
238 1949 338 2016 retur,
364 1939 468 2004 Attico
488 1937 615 2003 mandat
633 1937 826 2024 provinciam
849 1935 888 2002 de
911 1933 1053 2002 Caesare
1076 1929 1272 2005 existimandi,

189 2033 191 2038 ’
239 2047 327 2112 cuius
351 2043 486 2109 decretis
514 2052 621 2108 tamen
642 2041 824 2128 plenissime
847 2043 1039 2106 assentiatur
1060 2041 1102 2120 (u.
1126 2041 1194 2121 72).
1232 2033 1272 2101 h-

238 2160 308 2218 suut
336 2158 502 2236 praeterea
528 2147 744 2232 digressiones
775 2144 867 2210 utiles
896 2153 927 2210 et
954 2143 1104 2211 festivae:
1136 2142 1219 2210 velut
1241 2139 1272 2204 de

237 2254 423 2321 urbanitatis
446 2271 525 2318 sono
546 2253 589 2333 (e.
613 2249 687 2333 de),
718 2249 756 2314 dc
775 2248 881 2336 pupuli
902 2258 933 2314 et
953 2252 1123 2336 peritorum
1152 2252 1187 2314 in
1206 2245 1274 2312 iudi-

238 2359 349 2428 candis
366 2355 543 2424 oratoribus
561 2373 717 2422 consensu
737 2356 777 2430 (c.
794 2353 966 2432 stt-52),
989 2354 1028 2419 de
1045 2354 1156 2421 Attico
1171 2367 1273 2438 genere

238 2463 363 2532 fficeudi
390 2465 432 2545 (c.
454 2459 520 2543 82).
563 2457 706 2544 Denique
733 2456 816 2523 liber
842 2456 945 2524 initur
973 2461 1064 2543 graui
1092 2467 1125 2522 et
1156 2456 1274 2523 honesta

236 2570 433 2659 peroratione
465 2566 649 2632 eximiarum
675 2561 764 2628 Bruti
789 2560 918 2627 laudum
945 2561 1050 2648 plena
1102 2559 1226 2648 ltaque,
1252 2557 1275 2622 si

238 2675 386 2762 apaucis
406 2669 573 2738 uerborum
592 2665 809 2756 pellendorum
832 2676 862 2732 et
884 2665 1173 2754 componendorum
1199 2662 1275 2730 labe·

237 2777 317 2848 culis
333 2775 531 2852 discesseris,
549 2772 610 2840 hoc
626 2790 744 2858 genere
762 2769 921 2838 scribendi
936 2773 990 2838 vix
1004 2770 1104 2838 ullum
1123 2766 1275 2838 Ciceronis

235 2883 348 2950 librum
370 2879 636 2948 admirabiliorem
654 2874 773 2942 habere
793 2874 943 2943 uidemur.
998 2929 999 2932 ,
1023 2926 1025 2930 .
