2674 4776
355 427 547 506 BRUTUS
577 431 668 500 GAP.
690 433 741 500 80.
970 437 1072 510 ’89

31 595 135 674 enuit,
165 605 199 662 ut
221 606 252 662 et
272 617 339 694 rem
361 597 533 666 illustraret
551 599 738 668 disserendo
760 610 791 666 et
813 600 934 667 animos
955 621 1070 678 eorum.

32 714 78 796 qui
97 713 256 793 audirent,
279 715 450 784 devinciret
464 719 632 806 voluptate.
667 719 777 786 aberat
796 719 890 784 tertia
910 719 969 786 illa
989 720 1071 801 laus,

30 850 86 914 qua
106 843 302 918 permoveret
324 844 415 921 atque
446 838 592 903 incitaret
613 839 750 916 animer,
782 855 875 924 quam
898 835 1071 924 plurumum

28 947 141 1032 poliere
164 950 313 1029 diximus,
340 973 399 1019 nec
424 965 492 1020 erat
518 954 586 1020 ulla
605 957 655 1021 vis
682 965 772 1041 anpue
796 957 969 1022 contentio:
1003 959 1070 1023 sive

26 1067 170 1146 consilio,
201 1069 285 1156 quod
313 1089 384 1147 eos,
413 1091 541 1156 quorum
571 1071 666 1138 altior
695 1074 796 1138 oratio
819 1074 963 1158 actioque
985 1085 1070 1141 esset

26 1183 194 1263 ardentior,
225 1187 330 1252 furere
350 1197 382 1252 et
403 1187 552 1254 bacchari
570 1191 786 1268 arbitraretur,
815 1191 882 1256 sive
903 1191 985 1276 quod
1009 1212 1068 1258 na-

23 1309 85 1367 tura
115 1323 181 1370 non
208 1313 294 1370 esset
319 1306 363 1370 ita
394 1305 496 1372 iactus
518 1309 584 1374 sive
608 1307 689 1394 quod
711 1327 774 1374 non
795 1319 980 1376 consuesset
1000 1311 1068 1378 siue

25 1421 97 1504 quod
121 1441 186 1488 non
205 1433 322 1510 posset.
365 1421 433 1490 Hoc
453 1443 546 1490 unum
563 1424 627 1503 illi,
654 1429 683 1491 si
704 1423 783 1491 nibil
804 1423 946 1492 utilitatis
967 1425 1066 1495 babe-

26 1535 85 1616 bat,
108 1538 234 1608 absuite,
257 1542 286 1606 si
304 1513 388 1629 'opus
411 1551 496 1622 erat,
526 1543 632 1609 defuit.
675 1543 749 1610 277.
777 1541 975 1622 Quinetiam
998 1565 1064 1614 me-

25 1658 104 1735 mini,
132 1677 202 1724 oum
218 1660 261 1738 ,in
283 1662 484 1728 accusatione
507 1679 567 1727 sua
588 1659 626 1741 Q.
650 1659 756 1728 Gallio
780 1663 903 1730 crimini
924 1663 1064 1730 dedisset

26 1772 76 1839 sibi
96 1795 165 1842 eum
184 1796 336 1844 venenum
351 1781 516 1882 parapisse
538 1779 633 1866 idque
655 1798 676 1846 a
693 1798 728 1845 sa
744 1798 817 1844 esse
835 1779 1062 1865 deprehensum

26 1909 147 1980 seseque
186 1893 397 1984 chirographa
431 1895 669 1964 testificationes
705 1896 825 1964 indicia
859 1899 1062 1983 quaestiones

25 2012 210 2080 manifestam
238 2034 306 2080 rem
328 2014 451 2082 deferre
476 2014 596 2081 diceret
623 2014 724 2100 deque
746 2032 785 2092 eo
812 2014 943 2080 crimine
967 2033 1061 2080 accu-

25 2137 80 2193 rate
101 2141 130 2196 et
151 2133 306 2219 exquisite
328 2132 565 2221 disputavisset:
593 2152 643 2198 me
671 2134 704 2198 in
724 2129 960 2219 respondendo,
976 2151 1061 2213 ,cum

25 2263 113 2314 essem
143 2260 379 2335 argumentatus
412 2261 559 2338 quantum
589 2269 642 2318 res
679 2249 820 2328 ferebat,
860 2247 921 2316 boc
957 2250 1058 2338 ipsum

26 2365 105 2432 etiarn
133 2370 280 2456 posuisse
306 2389 363 2458 pro
391 2379 588 2456 argumento,
621 2368 704 2458 quod
736 2367 809 2448 ille,
842 2387 913 2434 cum
939 2377 1059 2456 pestem

26 2486 119 2570 capitis
150 2491 219 2565 sui,
247 2507 316 2554 cum
344 2487 463 2554 indicia
483 2490 591 2556 mortis
619 2507 654 2556 se
677 2488 869 2576 comperisse
889 2487 1057 2556 manifesto

28 2609 50 2664 et
65 2613 151 2672 manu
175 2615 285 2672 tenere
308 2606 441 2686 diceret,
466 2617 529 2674 tarn
557 2606 658 2676 solute
680 2609 818 2694 egisset,
847 2615 912 2674 mm
933 2605 1056 2686 leniter,

27 2851 103 2923 docui3
122 2875 177 2932 quo
198 2860 272 2916 sacto
291 2859 407 2916 Corradi
424 2860 559 2930 scripture
576 2857 609 2912 td
626 2856 679 2911 udi
694 2861 785 2920 esset,
805 2852 940 2908 Lambino
959 2860 987 2908 et
1004 2851 1055 2907 lir-

26 2949 89 2994 nesto
109 2942 242 3015 probata,
264 2945 332 3000 nibil
354 2945 454 3012 babet,
482 2942 557 3014 quod
575 2941 704 2996 offendet.
740 2939 819 2993 Libri
834 2933 872 2990 'et
890 2937 945 2993 ubi
963 2944 1056 3002 essetr

25 3025 81 3078 unde
96 3027 261 3086 Buttmanno
286 3033 349 3086 oiim
374 3029 490 3085 subnata
510 3027 604 3082 inbido
621 3024 775 3097 corrigendi
794 3021 913 3094 etquid
930 3029 1007 3077 esset
1018 3029 1056 3077 et

25 3106 65 3165 πὸτ
79 3122 165 3180 esset,
192 3117 250 3173 Act,
267 3117 343 3173 Nor.
360 3117 425 3174 Soc.
444 3114 506 3170 Lat.
523 3111 580 3170 len.
598 3130 626 3185 p.
642 3111 701 3176 di.;
726 3111 801 3165 anius
820 3109 972 3180 scripturae
988 3123 1054 3177 pars

25 3191 90 3258 piane
105 3201 194 3255 otiosa
212 3209 260 3258 est.

78 3297 186 3358 LXXX.
221 3301 282 3357 276.
318 3301 482 3376 optumum]
499 3303 539 3356 sic
556 3298 606 3372 Lg.
625 3307 737 3370 praeter
754 3295 797 3354 20.
816 3293 874 3364 39„
891 3295 920 3350 it.
937 3295 1008 3350 Ven.
1028 3294 1053 3350 1.

25 3373 69 3436 ⁰it·
78 3413 110 3426 -
126 3391 211 3458 utet]
230 3396 260 3443 et
272 3406 325 3442 om.
337 3387 387 3460 Lg.
397 3388 439 3443 70.
450 3417 485 3427 -
503 3385 676 3453 devinciret]
696 3383 863 3438 devinceret
878 3381 929 3437 Gu.
942 3380 965 3435 l.
982 3396 1054 3434 corr.

25 3457 80 3520 ven·
93 3471 114 3525 l.
133 3470 191 3530 Ott.
210 3473 261 3546 Lg.
274 3483 383 3545 praeter
391 3473 434 3528 35.
443 3472 485 3527 39.
495 3472 538 3526 53.
566 3471 745 3527 demulceret
756 3467 897 3534 Lambini,
910 3466 1055 3520 deleniret

24 3541 116 3608 Ernesti
134 3561 322 3627 coniecturae,
346 3565 445 3613 neutra
462 3559 636 3624 necessaria,
659 3554 729 3608 baec
749 3555 830 3606 etiam
850 3551 921 3605 salsa
939 3549 974 3603 ad
990 3559 1056 3634 sen-⁴¹

25 3633 125 3692 tentiam.
142 3671 176 3682 -
201 3645 305 3714 altior]
323 3646 363 3700 sic
380 3645 440 3699 iibri
458 3652 487 3698 et
504 3643 547 3698 ed.
562 3659 605 3713 pr.
641 3639 750 3693 elutior
766 3635 931 3704 Lambinus,
950 3637 1053 3691 certor

26 3711 173 3782 Schuetztns.
192 3757 227 3769 —
256 3738 345 3801 utque
367 3729 521 3802 daccharss
548 3733 577 3781 et
601 3721 702 3780 beced.
727 3725 769 3780 ed.
788 3739 830 3794 pr.
846 3751 882 3762 ——
913 3719 1052 3784 debedat,

26 3798 113 3875 “bsttitl
130 3809 240 3868 babeat
254 3816 327 3887 quid
342 3815 456 3886 referet
473 3818 553 3868 ieter
566 3810 668 3866 edesse
682 3815 712 3864 et
726 3809 827 3864 deesse
843 3807 945 3877 adfuit
961 3805 1013 3860 Gu.
1027 3805 1052 3860 l.

25 3881 160 3960 interpretis
177 3916 257 3956 manu
275 3901 368 3972 inepte
386 3902 478 3966 iliata3
502 3901 530 3953 in
548 3913 602 3968 qua
617 3894 712 3966 refert
728 3895 828 3949 dictum
847 3909 900 3963 pro
917 3893 1050 3944 interest.

25 3967 94 4036 Abu
110 3979 151 4047 (cr.
169 3999 191 4037 c.
206 3983 251 4050 rr,
267 3985 330 4054 aas)
349 3987 401 4042 son
419 3980 774 4058 ng.51.53.58.7oeorr.
793 3975 903 4045 auare.
917 4001 952 4014 -
976 3987 1051 4043 epos

24 4059 84 4124 Mi]
100 4079 123 4117 ⁰·
139 4065 241 4136 fuerat
258 4069 302 4126 ed.
319 4078 374 4144 pm!
763 4073 765 4077 ·

75 4159 128 4220 277,
164 4167 257 4241 deque
270 4173 317 4240 eo]
336 4189 370 4228 eo
388 4189 440 4230 om.
454 4172 497 4228 ed.
510 4187 552 4242 pr.
577 4168 668 4224 Paulo
686 4173 751 4222 ante
767 4179 831 4220 reru
847 4177 900 4218 om.
918 4157 971 4214 Gn.
983 4157 1049 4211 1.—

24 4234 118 4316 Wff]
136 4250 238 4310 leniter
255 4255 299 4313 ed.
318 4273 374 4327 pr.;
392 4260 476 4314 miror
492 4272 548 4312 non
567 4271 629 4310 csse
645 4255 674 4308 in
691 4251 777 4307 libris.

798 4350 840 4415 19
