2640 4780
359 455 548 524 BRUTUS
572 455 663 524 GAP.
685 457 736 525 58.
759 457 810 524 59.
936 399 940 406 Ι
983 459 1104 548 ,353

64 621 112 688 Ti.
136 621 272 690 Gracchi
297 627 437 712 privatus
464 628 497 692 in
524 626 700 694 libertatem
725 645 792 692 rem
821 623 979 712 publicam
1004 627 1105 694 uindi-

62 743 159 822 cavit,
180 733 225 821 ¹Q.
249 741 409 810 Scaevola
435 763 570 830 augure,
599 747 652 832 qui
672 746 888 832 peritissumus
909 744 986 809 iuris
1008 745 1106 812 idem-

61 879 116 946 que
146 864 303 948 percomis
331 873 380 928 est
406 861 540 929 habitus.
583 863 656 928 213.
687 860 754 928 lam
780 861 908 928 duorum
936 860 1106 928 abavorum

61 999 149 1064 quam
181 989 230 1045 est
258 979 380 1047 illustre
408 1001 536 1058 nomen,
568 978 603 1045 P.
634 979 808 1068 Scipionis,
837 977 966 1065 quibis
994 979 1105 1046 consul

59 1096 130 1174 iuit,
161 1099 215 1184 qui
246 1109 294 1164 est
323 1096 489 1166 Corculum
518 1099 633 1176 dictus,
663 1099 792 1165 alterius
817 1099 953 1164 omnium
980 1099 1105 1184 sapien-

58 1217 176 1280 tissnmi
199 1211 233 1280 (l.
256 1213 362 1282 Laeli!
408 1215 659 1302 Ogenerosam‚
687 1219 800 1304 inquit,
829 1217 955 1302 stirpem
984 1225 1015 1282 et
1035 1225 1106 1282 tan-v

60 1353 147 1418 quam
170 1336 204 1398 in
225 1353 318 1400 uuam
334 1334 479 1402 arborem
494 1335 585 1422 plura
601 1355 734 1420 genera,
757 1336 804 1401 sio
822 1335 856 1400 in
871 1335 963 1400 istam
982 1333 1105 1400 domum

60 1451 222 1519 multorum
244 1453 379 1519 insitam¹
394 1458 496 1540 [atque
519 1453 736 1533 illuminatam]
760 1450 960 1539 sapientiam!

136 1567 224 1634 LIX.
252 1567 404 1637 Similiter
424 1575 519 1655 igitur
541 1576 701 1662 suspicor,
732 1581 765 1637 ut
786 1571 984 1638 conseramus
1005 1583 1104 1656 parva

58 1691 197 1772 magnis,
222 1685 383 1766 Curionis,
412 1691 471 1756 etsi
492 1690 627 1778 pupillus
649 1691 777 1757 relictus
799 1698 861 1768 est,
881 1690 983 1775 patrio
1004 1687 1105 1754 luisse

57 1807 194 1873 instituto
215 1826 292 1893 puro
318 1827 462 1874 sermone
486 1809 698 1875 assuefactam
721 1807 857 1874 domum:
888 1815 918 1872 et
940 1825 979 1871 eo
1000 1807 1104 1890 magis

57 1921 113 1990 loe
140 1923 264 2003 iudico,
293 1925 377 2011 quod
395 1928 550 1992 neminem
572 1947 612 1992 ex
632 1926 682 1992 his
703 1925 842 2012 quidem,
874 1925 926 2010 qui
946 1922 1051 2009 aliquo
1071 1924 1104 1988 in

56 2062 184 2109 numero
216 2043 358 2122 luerunt,
400 2046 535 2128 cognovi
573 2047 607 2110 in
639 2044 723 2110 omni
757 2061 874 2126 genere
902 2041 1104 2107 honestarum

58 2164 170 2228 artium
200 2169 265 2227 tam
301 2161 477 2241 indoctum,
515 2171 579 2228 tam
610 2161 728 2228 rudem.
781 2157 855 2224 214.
887 2155 1012 2222 Nullum
1048 2157 1103 2224 ille

57 2289 180 2365 poetam
213 2290 358 2358 noverat,
390 2279 508 2348 nulum
540 2279 664 2365 legerat
694 2287 864 2356 oratorem,
892 2275 1011 2342 nullam
1038 2293 1104 2340 me-

58 2401 188 2466 moriam
222 2400 413 2484 antiquitatis
440 2396 630 2484 collegeras
662 2419 726 2471 non
753 2395 911 2485 publicum
941 2397 1008 2475 ins,
1040 2413 1106 2464 nott

116 2615 167 2657 214.
192 2615 236 2657 lroe
250 2614 349 2670 quiden]
363 2615 386 2658 iri
400 2617 496 2670 quidem.

58 2801 78 2838 s.
97 2783 200 2839 talum.
218 2783 352 2838 librorum
369 2783 431 2840 iere
447 2786 574 2838 omnium*
582 2791 610 2838 et
627 2783 669 2838 ed.
684 2800 725 2853 pr.
744 2783 878 2852 scriptura
895 2782 1105 2852 corruptissimo.

58 2869 253 2925 illiminantem
266 2869 379 2934 bamb„
396 2869 478 2936 idque
496 2871 583 2938 ipsum
600 2867 684 2921 habet
701 2867 753 2936 Lg.
766 2868 808 2921 68.
835 2867 985 2937 illipatam
1003 2867 1106 2936 placuit

57 2953 139 3022 Era„
157 2953 237 3019 Sola,
256 2953 384 3024 Meyer„
401 2953 562 3006 Furlanetto
579 2954 607 3006 in
626 2952 670 3005 erl.
685 2969 751 3006 nov.
770 2950 890 3004 thesauri
903 2949 1104 3005 Forcellinianl.

56 3037 105 3093 Ilst
125 3039 182 3091 hoc
199 3039 340 3107 proprium
360 3037 395 3090 de
415 3037 543 3090 insitione
561 3038 703 3090 arborum·
727 3037 819 3104 itaque
841 3051 888 3087 cur
905 3034 1046 3086 sordidum
1063 3033 1104 3089 vi·

58 3123 157 3177 deatur
175 3129 203 3174 et
220 3121 358 3196 iudignum
376 3122 523 3188 Cicerone,
547 3121 621 3190 qood
639 3129 680 3174 est
696 3117 871 3187 Bernhardyi
888 3119 1029 3186 iudicium,
1048 3135 1105 3174 non

57 3209 143 3279 magis
168 3205 306 3278 intelligo,
330 3225 409 3278 quam
434 3207 458 3261 si
481 3207 516 3260 de
539 3206 676 3262 vocabulo
704 3207 812 3258 insitus
836 3203 909 3256 idem
931 3201 1105 3268 iudicaretur,

58 3293 139 3362 quod
155 3308 235 3344 nemo
261 3290 333 3344 facit.
378 3292 491 3350 Quod
484 3309 543 3372 lpse
568 3293 698 3358 coniecit,
727 3288 921 3352 instillatam,
950 3303 1052 3342 vercor
1075 3293 1106 3340 ut

58 3379 201 3448 quisquam
225 3362 394 3448 intelligat.
410 3377 465 3436 out
488 3366 580 3448 potest
604 3377 674 3430 cuim
697 3374 835 3452 hominum
858 3373 993 3446 sapientia
1014 3373 1043 3427 in
1065 3370 1106 3424 ia·

58 3463 184 3534 miliarn'
176 3477 276 3536 ipsam,
294 3463 369 3516 cuius
384 3462 423 3516 illi
441 3451 561 3530 luerunt,
580 3461 730 3516 instillata
748 3461 818 3514 dicit
847 3459 908 3538 Ego
927 3460 987 3514 sive
1005 3457 1105 3512 illimi-

59 3554 164 3600 oatam
189 3549 249 3600 sive
272 3548 423 3619 illtpatam
447 3549 603 3626 interpretis
627 3564 735 3602 menum
760 3563 822 3600 esse
848 3554 915 3626 puto
942 3561 993 3616 per
1017 3549 1104 3614 atqua

61 3613 193 3685 adiectam
206 3632 406 3688 Ciceronianis:
424 3651 451 3690 v.
465 3635 495 3689 G.
510 3635 576 3690 θη·
568 3652 596 3689 rn
608 3634 643 3689 de
655 3630 705 3688 Or
719 3630 753 3687 ll.
767 3629 816 3697 33,
830 3630 889 3686 144.
896 3618 1104 3700 etBernlrardy

60 3717 94 3770 ad
109 3715 188 3773 Brut.
206 3718 255 3785 46,
276 3718 360 3772 172.

127 3833 200 3888 LlX.
236 3823 382 3906 sermone]
397 3799 534 3898 ,commoni
546 3828 701 3892 Lambinus*
711 3809 925 3901 commendarim
945 3835 1042 3890 Cicero
1057 3850 1104 3888 as·

61 3917 211 3988 suefacere
229 3919 298 3974 dixit
315 3937 375 3976 cunr
389 3921 518 3978 ablativo.
531 3951 566 3960 -
584 3939 621 3975 ere
639 3921 686 3976 trs
704 3918 834 3989 quictem]
852 3917 900 3971 luis
917 3923 1022 3987 protis
1039 3917 1105 3972 dedi

61 4019 95 4056 cx
113 4001 163 4074 Lg.
183 4006 352 4074 praeterit).
371 4005 413 4060 35.
432 4007 499 4072 56.,·
514 4006 578 4060 item
601 4006 652 4059 Gu.
671 4008 695 4060 1.
720 4002 840 4074 quidem
864 4001 983 4056 additum
1002 4001 1105 4064 indicet

60 4086 220 4156 scriptorem
245 4107 305 4144 cnm
330 4091 383 4144 illis
405 4090 558 4146 hominibus
583 4091 684 4158 aliquid
705 4084 910 4142 necessitudinis
933 4084 1049 4149 habere3
1075 4083 1104 4138 id

63 4171 133 4238 quod
148 4173 243 4228 melius
260 4175 395 4229 iudicatur
411 4176 574 4247 pronomine
591 4173 814 4228 demonstrativo.

92 4325 94 4332 -
128 4279 187 4346 ill.
222 4295 358 4364 noverat]
375 4293 426 4350 Gn.
436 4297 460 4354 l.
478 4296 544 4352 Par.
553 4293 589 4350 D.
603 4291 773 4352 eidam.-
790 4287 849 4346 tuor
862 4286 993 4361 quidem]
1008 4283 1104 4358 scripsi
