2660 4776
169 409 318 482 Bnnvts
339 411 636 496 ELOQUENTIAE
659 413 761 484 ROM.
783 415 892 484 HIST.
968 419 1054 490 1⁰1

45 586 120 648 trusi
138 604 261 667 persona
278 583 383 650 Cicero
399 582 461 666 (⁹¹).
495 587 648 652 Postremo
669 589 719 653 uel
739 589 960 652 rescribebatur
980 604 1053 650 oau-

42 688 70 747 sis
85 687 162 761 neris,
182 695 215 749 ut
236 685 351 755 Gradus
373 689 404 750 in
419 689 564 754 Milouem
584 687 655 752 fecit
669 685 739 770 (⁹²),
761 689 823 764 uel,
845 687 925 770 quod
944 688 1053 754 Brutus

40 787 217 850 indliloniana
237 787 389 852 Ciceronis
410 789 518 852 fecisse
539 789 673 864 traditur,
695 791 727 852 in
749 791 884 852 oratioue
907 787 944 850 da
966 787 1052 852 douo

41 887 159 950 Ciceronis
184 887 334 962 Calidius,
369 889 401 951 iu
426 907 517 952 causa
543 897 612 952 acta
642 890 837 954 elaborabant
859 884 921 970 (Ἠ).
964 887 1053 953 11εοί-

40 988 135 1052 tationes
153 996 247 1052 autem
269 990 331 1054 sice
355 983 550 1066 ἐπιδείξεις,
572 1008 649 1071 quae
667 991 789 1055 Graecis
808 997 965 1065 uccmtur,
988 1007 1053 1052 cunr

41 1087 97 1166 apud
115 1090 237 1154 Graecos
265 1091 481 1154 uemsdssinnae
503 1099 613 1166 essent,
641 1091 781 1156 llonnauis
814 1109 873 1154 uou
899 1097 967 1154 aute
990 1091 1052 1152 Au-

40 1189 96 1265 gusti
114 1197 240 1272 tempora
260 1191 387 1255 usitatae
412 1191 545 1256 luerunt:
571 1192 690 1256 Asinius
719 1193 795 1255 cuiun
814 1191 913 1257 Pollio
941 1191 1052 1272 primus

40 1306 114 1352 cauno
132 1299 231 1356 auctor
251 1291 307 1356 luit
325 1287 388 1372 (⁹⁴).

477 1457 504 1540 §-
526 1463 578 1522 41.

313 1553 316 1560 ²
390 1572 462 1628 Usus
481 1571 663 1644 eloquentiae.

96 1693 140 1756 Sic
167 1696 305 1758 instructi
336 1695 539 1760 adolescentes
569 1697 701 1776 ingenua
732 1697 832 1761 indole
863 1697 992 1779 praediti
1023 1702 1056 1758 ot

32 1793 128 1856 tanim
142 1795 320 1860 nobilitandi
336 1796 436 1876 cupidi
453 1797 485 1858 in
500 1797 599 1860 foruut
614 1799 783 1874 acuebant,
805 1805 918 1860 mature
935 1794 1053 1879 quidem

32 1892 151 1975 plerique,
183 1895 239 1960 sed
269 1913 328 1960 non
359 1895 507 1978 imparati.
550 1897 596 1960 lta
628 1899 665 1962 de
694 1899 798 1963 Gaelio
832 1897 926 1963 Caluo
958 1897 1052 1962 Bruto

24 1991 138 2060 ‚Pollione
159 1997 310 2062 Messalla
337 1999 517 2079 accepimus,
546 2005 574 2060 et
600 1998 651 2060 ‹liu
677 2017 749 2063 sane
772 2006 922 2060 cunctatus
944 1997 1052 2061 Cicero

29 2093 132 2174 dictur,
153 2101 206 2181 qui
223 2117 299 2162 anno
316 2105 400 2162 sexto
423 2106 452 2162 et
470 2099 608 2162 uicesimo
628 2101 753 2181 primam
772 2115 891 2160 causatu
904 2097 1053 2179 priuatam
1081 2093 1086 2112 ’

27 2191 50 2256 l.
61 2197 181 2272 Quuctii
197 2201 275 2280 egit,
297 2200 368 2264 Sex.
383 2200 484 2265 Roscii
503 2199 652 2281 publicano
669 2218 746 2262 anuo
767 2207 836 2280 post
847 2195 909 2278 (⁹5).
940 2195 1052 2260 Adole-

24 2306 115 2368 ¹,scentes
135 2310 248 2376 auteur,
271 2302 322 2381 qui
340 2302 468 2364 bonores
488 2320 547 2366 non
568 2303 743 2382 gessissent,
766 2300 819 2363 scd
839 2303 1053 2381 exspectarent,

24 2413 64 2462 tto
81 2403 148 2464 satis
170 2409 305 2484 potentes
327 2402 463 2484 plerique
485 2411 597 2479 esseut,
619 2411 651 2466 ut
673 2405 778 2485 opibus
803 2409 832 2464 et
853 2398 997 2462 clientelis
1019 2397 1052 2458 in

25 2515 48 2560 rc
65 2503 179 2581 publica
203 2503 351 2578 ualerent,
379 2505 467 2567 triuuu
493 2523 635 2584 generum
664 2503 779 2568 dicendi
806 2499 962 2574 iudiciale,
991 2515 1051 2580 quo

24 2599 112 2684 ingenii
131 2605 347 2686 praestantiam
368 2605 569 2681 ostenderent,
598 2624 634 2668 re
657 2606 725 2686 ipsa
751 2604 870 2665 iubente
891 2601 1052 2680 eligebant.

24 2695 126 2784 tropaeo·
141 2705 309 2769 nobilitatis
327 2705 358 2766 iu
375 2706 493 2768 ciuitate
506 2708 679 2788 potentiam,
702 2721 826 2784 quorum
842 2719 945 2766 rursus
963 2700 1053 2781 pauci

24 2804 116 2884 pilam
136 2809 169 2868 in
192 2814 306 2870 ceteros
323 2805 564 2880 dominabantur,
586 2806 695 2868 lactum
711 2812 778 2879 est,
792 2811 824 2865 ut
841 2803 899 2866 siri
913 2797 1053 2862 honorati

24 2905 192 2972 tibuscres
219 2908 315 2984 magis
343 2905 533 2968 defendendis
557 2907 617 2966 reis
640 2905 750 2965 amicos
774 2903 933 2980 colligens,
964 2916 1053 2978 quarn

24 3009 215 3090 insequendis
236 3005 409 3068 industriam
431 3005 585 3066 ostendere
606 3003 735 3065 mebant.
778 3001 853 3063 Hinc
872 2999 965 3078 igitur
980 3015 1053 3080 pes·

24 3103 73 3170 tino
84 3109 212 3190 publico
234 3105 358 3181 inuulub
377 3105 431 3168 ille
447 3123 524 3180 unos,
546 3112 580 3167 ut
599 3103 801 3166 accusationes
815 3099 1053 3163 adolescentibus

25 3206 192 3290 tbtiugenent
218 3207 283 3268 fare
309 3205 396 3269 solis:
425 3213 471 3282 ut,
499 3207 526 3268 si
548 3205 696 3287 imperitia
721 3211 853 3269 actorum
877 3201 952 3264 nibil
977 3199 1053 3262 dcli-

24 3308 122 3386 ussat,
144 3314 344 3390 patronorum
359 3315 424 3370 arte
441 3315 470 3370 et
481 3308 614 3388 potentia
633 3305 682 3370 uel
698 3306 823 3368 maxime
839 3303 922 3366 noxii
935 3301 1054 3364 debitae

25 3421 112 3484 ¹toennae
133 3407 381 3472 subtraherentur
394 3405 457 3490 (⁹⁶).
493 3409 557 3471 lloc
577 3425 718 3490 perverso
740 3425 822 3470 more
844 3403 977 3468 effectum
997 3409 1053 3476 est,

24 3513 39 3570 tt
54 3511 203 3592 frigerent
224 3511 440 3587 accusationes,
468 3518 566 3574 sontes
588 3509 747 3590 potentium
765 3507 913 3568 bominum
938 3501 1052 3564 auxilio

25 3613 70 3673 teti
94 3611 283 3682 exsultarent
306 3613 456 3678 actoribus
484 3619 514 3675 ct
538 3606 786 3693 prouincialibus,
814 3607 866 3687 qui
891 3603 1053 3686 plerosque

24 3781 216 3800 ..ηπ-..ιιι-

66 3895 111 3964 ol)
136 3893 255 3954 Quintil.
268 3893 304 3950 X.
319 3893 350 3960 5,
362 3895 387 3948 4.
411 3893 446 3950 es.
459 3895 514 3950 (lic.
530 3892 566 3948 de
576 3887 627 3947 Or.
637 3889 658 3946 1.
668 3889 717 3956 34,
731 3889 788 3944 lta.
872 3885 919 3952 92)
937 3883 1061 3944 Quincti·

25 3973 86 4045 15,
108 3980 154 4036 bo.
247 3978 293 4046 93)
320 3979 433 4038 Quintil.
457 3980 492 4034 X.
517 3978 546 4044 l,
564 3977 607 4032 23.
666 3976 740 4042 ¹ild)
766 3973 876 4044 Lipsius
890 3969 971 4038 Ὶ1141)).
993 3966 1053 4022 Sel.

24 4071 100 4120 antur.
118 4063 172 4124 XI.
194 4063 233 4116 ad
248 4061 350 4135 Belgas
363 4061 411 4135 ‘ep.
427 4064 487 4130 ts,
511 4062 585 4118 uude
606 4078 657 4117 aua
673 4057 796 4115 Wolfius
819 4059 847 4112 in
869 4051 956 4127 praet.
974 4049 1059 4106 Mar-1

24 4143 132 4205 elliam
156 4168 187 4222 p.
209 4147 282 4204 xix.
368 4147 413 4216 95)
439 4147 553 4215 Qulntil.
573 4143 633 4204 xli.
653 4147 684 4214 ⁷,
700 4144 726 4202 3.
813 4140 861 4210 td)
885 4135 994 4196 oaebua
1015 4131 1053 4190 ad

24 4227 165 4291 iseronem
184 4230 261 4288 Vlll.
278 4231 304 4288 2.
322 4234 347 4289 l.
365 4233 390 4288 6.
