2646 4772
235 400 335 472 828
553 395 965 468 EXPLICATIONES.

240 571 284 652 (c
304 567 396 634 69-
402 565 468 649 89).
511 565 707 634 adduntur
697 567 761 634 ram
781 565 877 656 paulo
898 571 1037 636 minores
1057 566 1188 634 natuL.
1207 567 1279 636 Tor·

241 683 353 762 quotus
372 669 419 737 M.
439 667 598 738 Messalla
616 669 740 738 Metelli
761 671 823 738 duo
846 669 941 740 Celer
958 673 987 738 lu
1004 669 1110 762 Nepos
1129 669 1187 738 Gn.
1206 671 1315 739 Len

240 774 383 846 tulusG.
405 775 573 843 Memmius
594 777 636 857 (c
658 775 724 858 79).
1314 823 1315 828 ,

328 879 410 948 Tum
432 879 545 950 Cicero
568 901 588 947 a
606 879 704 947 Bruto
725 890 872 966 rogatus,
898 888 931 946 ut
952 879 991 945 de
1012 877 1058 944 M.
1080 877 1238 947 Marcello
1258 891 1282 946 et
1314 835 1315 950 l

242 984 278 1052 G.
301 984 441 1053 (laesere
469 996 598 1073 utroque
625 987 697 1052 uiuo
727 984 875 1052 iudicium
902 1003 990 1051 suum
1022 995 1172 1072 exponat,
1201 984 1283 1051 Mar·

242 1089 356 1158 cellum
386 1090 548 1177 quidem
538 1110 606 1179 rpsc
636 1088 761 1168 laudat,
794 1087 945 1156 Caesaris
976 1099 1079 1156 autem
1105 1089 1222 1158 laudes
1250 1089 1284 1156 ad
1314 1143 1315 1148 ,

242 1195 377 1262 Atticum
398 1195 537 1273 remittit,
567 1197 612 1260 ita
632 1203 752 1273 tamen,
779 1205 812 1261 ut
831 1197 900 1283 ipse
925 1196 966 1261 iis
987 1211 1050 1261 non
1075 1195 1178 1261 minus
1198 1213 1283 1282 quam

240 1297 355 1366 Brutus
380 1301 571 1366 assentiatur
592 1301 635 1379 (c.
657 1299 820 1382 71-75).

325 1401 402 1473 Post
429 1403 503 1469 illos
532 1411 735 1470 recensentur
761 1405 814 1490 qui
840 1405 906 1470 uita
933 1413 1152 1482 excesserant,
1178 1401 1215 1469 G.
1239 1401 1282 1468 Si-

242 1508 343 1573 cinius
376 1505 412 1572 G.
432 1505 584 1573 Visellius
606 1505 705 1573 Varro
737 1504 775 1574 1..
798 1505 976 1596 Torquatus
1009 1505 1045 1574 9.
1068 1507 1216 1576 Triarius
1244 1507 1282 1574 M.

241 1607 373 1676 Bibulus
404 1610 465 1698 Ap.
488 1607 639 1677 Claudius
670 1608 709 1678 1.
731 1608 885 1680 Domitius
916 1613 951 1680 P.
978 1623 1009 1680 et
1035 1611 1073 1679 L.
1093 1608 1223 1678 Lentuli
1249 1608 1283 1675 T.

242 1712 418 1781 Postumius
447 1713 481 1779 P.
505 1712 665 1781 Cominius
697 1714 736 1780 T.
758 1716 876 1783 Accius
904 1715 940 1784 G.
960 1715 1036 1784 Piso
1063 1718 1105 1797 (c.
1129 1713 1284 1797 76-78)·

242 1817 341 1886 Addit
362 1839 397 1886 se
418 1818 527 1886 borum
548 1839 683 1888 recensu
704 1820 737 1886 id
760 1823 886 1906 egisse,
907 1832 938 1888 ut
955 1821 1185 1888 demonstraret
1201 1839 1286 1907 quam

241 1925 334 2010 pauci
362 1943 486 2004 eorum,
517 1927 568 2011 qui
598 1925 703 1991 dicere
732 1925 856 2012 publice
883 1929 953 1992 ausi
979 1928 1058 2004 sint,
1086 1924 1185 2006 laude
1208 1926 1286 2010 digni

241 2027 365 2095 fuerint.
410 2026 475 2095 Sed
501 2029 766 2116 praetermittendi
794 2050 859 2096 non
878 2039 967 2096 erant
992 2032 1121 2114 ingenio
1150 2031 1288 2116 insignes

240 2133 299 2198 uiri
331 2130 377 2196 Μ.
402 2130 531 2200 Caelius
556 2137 596 2215 (c.
619 2134 675 2216 79)
706 2132 752 2198 Μ.
776 2131 919 2200 Calidius
945 2137 986 2215 (c.
1006 2134 1063 2216 89)
1093 2131 1130 2200 G.
1149 2133 1288 2202 Curio&

241 2233 277 2302 (t.
299 2233 441 2304 Licinius
466 2235 584 2304 Caluus
607 2239 648 2321 (c.
670 2237 723 2306 81.
743 2237 814 2318 82);
833 2259 854 2306 a
872 2240 961 2306 cuius
983 2237 1124 2304 studiose
1146 2242 1289 2326 quaesita

241 2338 380 2406 exilitate
401 2343 600 2409 occasionem
623 2345 715 2408 sumit
732 2342 771 2409 de
786 2343 891 2410 Attico
910 2342 1034 2410 dicendi
1050 2361 1170 2428 genere
1188 2344 1289 2432 dispu-

239 2443 327 2510 tandi
356 2447 399 2526 (c.
427 2443 494 2529 83).
542 2443 664 2513 Deinde
696 2446 793 2514 Attici
823 2467 878 2514 ore
911 2449 1129 2534 quaestionem
1161 2457 1289 2536 occupat

239 2541 314 2614 ιιίιιιι
345 2546 426 2613 forte
459 2547 497 2614 de
531 2549 709 2643 oratoribus
736 2549 888 2618 Romanis
914 2555 1101 2640 praesertim
1130 2553 1287 2620 ueteribus

240 2669 316 2718 rere
350 2650 549 2731 iudicaverit,
583 2673 625 2720 an
659 2653 772 2722 laudes
801 2675 908 2724 eorum
941 2655 1140 2722 ambitiosius
1172 2659 1288 2724 auxerit

240 2756 283 2839 (c.
304 2753 468 2840 84-87).

237 2877 239 2882 ·
323 2857 391 2926 lam
414 2867 601 2928 enarrantur
621 2859 659 2941 Q.
676 2859 835 2929 Hortensii
855 2863 959 2932 studia
983 2863 1203 2950 eloquentiae,
1225 2886 1288 2934 cum

102 3037 105 3044 ,
241 2962 354 3050 quibus
384 2982 473 3032 suum
501 2985 625 3032 cursum
655 2976 816 3053 comparat
837 2964 966 3046 Cicero,
994 2977 1027 3034 ut
1048 2974 1290 3058 ostendatque

234 3067 333 3136 modo
361 3068 450 3135 illum
483 3069 657 3136 aemulatus
685 3070 726 3136 sit
754 3074 795 3154 (c.
822 3069 993 3154 88-94);
1027 3083 1058 3138 et
1084 3076 1291 3162 respondetur

241 3172 283 3240 ad
310 3175 526 3260 quaestionem
555 3193 610 3242 cur
629 3171 815 3244 Hortensius
843 3178 947 3260 magis
978 3175 1169 3244 adolescens
1200 3183 1303 3266 quum'

240 3287 343 3344 aetate
363 3279 541 3365 provectior
560 3276 654 3343 laude
676 3276 844 3364 eloquendi
864 3277 1003 3347 floruerit
1022 3281 1065 3360 (c.
1087 3281 1141 3347 95.
1164 3283 1234 3366 98).

233 3429 236 3438 .
322 3379 359 3447 ln
372 3384 570 3469 peroratione
585 3381 698 3448 Brutus
716 3369 911 3459 admonetur,
932 3393 965 3450 ut
981 3403 1159 3472 quanquam
1176 3389 1290 3474 iniquis

240 3485 455 3574 reipublicae
480 3485 671 3574 temporibus
694 3496 797 3554 tamen
825 3489 858 3552 in
880 3487 1078 3574 eloquentiae
1098 3490 1204 3558 studio
1222 3511 1290 3579 per-

233 3599 383 3667 seueret,
410 3610 479 3656 cum
505 3591 691 3677 praesertim
714 3588 906 3658 Graecorum
928 3590 1048 3658 artibus
1072 3593 1220 3661 omnibus
1243 3615 1292 3662 or·

237 3700 330 3758 natus
351 3693 392 3756 sit
410 3693 452 3772 (c.
472 3692 539 3774 97).

236 3831 238 3836 -
326 3791 527 3883 conscriptus
549 3795 663 3865 Brutus
685 3794 906 3886 estprincipio
930 3799 1004 3864 anni
1023 3796 1088 3864 798
1109 3797 1168 3882 (46
1191 3819 1221 3866 a
1243 3799 1290 3880 G.)

233 3893 380 3964 Caesare
400 3903 522 3966 tertium
545 3900 685 3970 consule.
719 3899 801 3968 Nam
818 3905 871 3990 qui
894 3921 924 3968 a.
944 3901 1008 3968 797
1025 3903 1172 3970 exstincti
1194 3914 1290 3978 eraut,

229 3998 275 4067 L.
294 4000 473 4090 Torquatus
496 4001 530 4068 (i.
550 4002 695 4070 Triarius
719 4003 753 4072 P.
773 4005 925 4074 Lentrdus
947 4003 993 4070 M.
1011 4003 1156 4072 Calidius
1182 4006 1217 4072 C.
1233 4006 1288 4071 Li-

238 4105 340 4172 cinius
363 4103 497 4185 Caluus,
525 4110 606 4174 inter
626 4116 765 4176 mortuos
784 4119 1083 4188 commemorantur,
1115 4110 1162 4176 Μ.
1187 4124 1289 4178 autem

242 4205 349 4288 Gato,-
371 4211 423 4295 qui
454 4229 563 4277 mense
590 4210 694 4298 Aprili
724 4233 754 4281 a.
783 4214 848 4282 798
879 4213 988 4287 Uticae
1020 4235 1094 4282 sese
1123 4217 1288 4284 interiecit
