2644 4774
185 357 250 426 Ab
273 356 362 426 GIG.
383 359 588 428 BRU'l'UM
610 361 701 430 cll.
720 361 772 430 tlt.
789 363 842 432 65.
856 363 909 433 66.
969 367 1068 440 406

43 529 101 592 uicis
121 527 158 591 nd
179 547 208 592 a.
224 531 297 594 614.
339 529 482 595 Narravit
500 534 720 598 6666666166
737 533 794 598 boc
814 534 845 598 in
862 533 1069 614 Didascalicis,

42 648 89 709 qua
105 637 188 711 parta
210 629 247 692 de
267 631 330 698 sita
349 633 472 696 Pacarii
493 631 639 698 disseruit.

109 731 180 794 266.
221 749 276 809 pro
299 731 349 792 66.
370 736 488 811 Pompei
508 734 599 812 basin]
626 733 705 817 qnod
726 753 764 800 en
784 734 898 817 praeda
916 735 1068 800 66661666

39 837 108 909 pater
130 831 192 893 eins
214 831 288 894 nihil
308 832 339 894 in
361 833 508 896 aerarium
529 835 688 910 retulerat;
713 855 741 900 r.
762 837 793 898 16
815 853 840 900 6.
862 838 919 913 66,
944 837 1016 900 226.
1038 844 1068 900 ct

37 929 99 994 Plut.
119 932 220 1013 Pomp.
241 934 271 993 2.
294 929 363 996 6611.
383 934 414 996 4.
455 934 561 998 Attulit
580 937 732 1016 Meyerus.

103 1037 147 1090 M.
169 1033 312 1110 Fuscos]
335 1031 371 1096 66
391 1035 448 1098 boc
468 1053 498 1099 r.
521 1052 546 1098 6.
569 1037 622 1112 67,
643 1038 721 1111 236;
746 1034 783 1098 66
802 1035 847 1099 M.
864 1033 988 1112 666666,
1010 1033 1065 1099 (lu.

34 1131 145 1195 Lentulo
162 1133 342 1198 Marcellino
365 1141 394 1197 et
414 1135 448 1202 P.
469 1135 596 1201 Lentulo
618 1137 697 1202 Sura
718 1153 743 1200 6.
761 1138 813 1200 66.

102 1253 155 1311 pro
170 1235 227 1311 Ap.
244 1234 373 1313 6166616]
394 1253 486 1298 causa
507 1245 572 1300 eret
592 1237 629 1300 66
644 1238 754 1300 ambitu
773 1244 803 1300 et
824 1242 1066 1300 commemoratur

33 1332 107 1394 6666
128 1350 153 1395 6.
175 1336 231 1409 aa,
254 1336 341 1410 sata
374 1343 444 1402 acta
470 1343 514 1402 est
542 1356 571 1404 6.
591 1341 664 1406 764.
707 1338 742 1405 11.
763 1336 887 1406 Wetzal.
908 1336 1004 1420 prael.
1025 1335 1065 1400 66

32 1449 88 1514 epp.
109 1433 148 1496 66
167 1433 284 1500 1116666.
305 1434 357 1500 111.

100 1534 192 1600 bxv.
234 1537 307 1599 231.
349 1544 479 1598 ammos
500 1545 632 1616 16666666
653 1537 776 1616 isitium]
807 1535 913 1602 Cicero
941 1555 997 1620 pro
1026 1536 1063 1614 Q.

29 1632 154 1710 66166116
170 1635 295 1717 primum
311 1635 385 1700 dixit
405 1655 434 1701 a
448 1639 522 1702 673.
553 1638 646 1702 Bruto
664 1656 756 1702 cansa
770 1639 866 1721 prima
883 1639 1066 1720 6666166611

28 1736 175 1811 nescimus3
197 1755 265 1800 nam
281 1738 372 1819 Appii
394 1736 512 1802 (1166611
533 1725 630 1800 soceri
650 1739 756 1814 luisse,
778 1757 844 1802 666
865 1741 973 1802 Brutus
995 1747 1064 1802 tuuc

25 1832 76 1896 166
101 1837 227 1916 triginta
253 1839 382 1922 qunque
410 1856 503 1902 annos
529 1839 681 1915 babuerit,
709 1839 779 1902 mibi
805 1839 922 1930 quidem
948 1839 1064 1904 minime

24 1938 171 2015 probatur.

98 2047 161 2098 tam
184 2040 301 2118 666166]
331 2040 470 2117 „urbane
492 2058 599 2104 causas
622 2040 731 2116 cludit,
762 2058 837 2121 quas
858 2041 1063 2124 suspicabatur

23 2139 55 2199 ab
83 2140 249 2203 bouduibus
279 2142 405 2203 curiosis
433 2141 581 2222 prolatum
609 2142 658 2204 161.
701 2141 799 2220 Negat
825 2142 923 2220 igitur,
946 2140 1063 2218 616666,

21 2241 93 2320 quod
116 2242 147 2302 in
168 2243 289 2306 mortuis
311 2242 479 2305 oratoribus
502 2243 657 2319 subsistat,
682 2260 703 2305 a
723 2242 985 2323 reprehensoribus
1005 2242 1063 2304 sibi

21 2343 146 2418 cauisse,
172 2359 210 2404 66
230 2342 379 2407 rideretur
406 2343 529 2406 1661616
549 2341 706 2406 laudandis
727 2343 776 2407 rel
797 2342 1064 2424 praetermittendis

19 2443 133 2504 nimium
154 2444 306 2506 ambitioni
332 2445 382 2508 nel
403 2443 499 2506 studio
524 2445 680 2508 tribuisse:
709 2443 762 2506 666
783 2462 805 2508 6
823 2444 969 2526 principio
990 2443 1063 2508 6666
1176 2487 1179 2493 ι

19 2559 47 2604 66
65 2545 232 2606 narrationi
257 2546 468 2608 connectiones
490 2545 642 2621 statuisse3
670 2545 779 2610 lactum
801 2553 899 2610 tameo
920 2563 986 2608 esse
1008 2563 1064 2628 por

17 2642 165 2706 llorteusii
184 2648 368 2724 memoriam,
394 2654 427 2709 nt
448 2646 486 2708 ad
506 2653 652 2710 recentem
674 2654 800 2710 aetatem
822 2665 918 2710 sermo
940 2646 1062 2709 delabe-

17 2753 104 2807 retur.
146 2747 190 2810 Ao
217 2749 310 2810 tonuit
332 2747 386 2809 illo
405 2748 464 2809 boo
485 2747 582 2808 libelli
603 2747 757 2808 consilium
787 2746 862 2808 adeo
884 2753 1062 2820 constanter,

15 2853 43 2918 ut
63 2847 95 2906 in
115 2863 140 2908 c.
158 2846 307 2908 71-76.
331 2862 407 2924 quac
429 2844 466 2904 66
482 2843 594 2904 duobus
616 2845 688 2906 viris
706 2843 917 2912 laudatissimis
932 2842 1063 2906 Caesare

14 2944 217 3010 &Marcello
247 2944 333 3024 quasi
359 2941 507 3023 postulari
532 2949 653 3022 possent
683 2942 722 3003 ad
749 2959 893 3023 personas
921 2943 1007 3005 Bruti
1033 2951 1064 3009 et

11 3048 102 3110 Attici
124 3061 180 3122 per
199 3041 412 3122 digressionem
431 3041 642 3104 transferret.“
684 3043 859 3117 Berobcrdp.

99 3145 172 3206 232.
214 3144 371 3221 processus]
399 3141 561 3224 profectus.
604 3141 715 3219 (1.78,
738 3145 815 3205 272:
845 3147 941 3223 itaquo
966 3151 1062 3204 tantos

11 3265 160 3326 processus
180 3241 334 3318 efficiebat,
356 3252 388 3303 ct
408 3245 535 3316 coclara,
558 3263 617 3303 666
637 3263 785 3306 enarrare
804 3243 952 3304 6166661666.

97 3347 170 3408 233.
213 3347 259 3402 Μ.
276 3343 390 3421 666666]
412 3345 439 3406 16
461 3344 633 3408 adolescens
655 3343 779 3406 diceudo
801 3344 921 3406 multam
940 3360 1061 3426 operam

11 3445 107 3524 dedit,
131 3445 168 3508 de
186 3463 245 3526 qua
260 3462 295 3506 re
315 3445 398 3506 testis
413 3445 589 3509 Plutarchus
611 3451 655 3508 est
670 3443 780 3510 Crasso
802 3462 827 3507 6.
841 3448 888 3520 6.,
909 3445 965 3508 etsi
980 3451 1062 3507 errat

11 3549 32 3610 is
68 3542 179 3611 δεινὸν
208 3535 316 3608 εἰπεῖν
342 3538 516 3626 γενόμενον
545 3541 579 3610 ἐν
610 3545 682 3619 τοῖς
710 3537 858 3621 μάλιστα
881 3536 1061 3624 Ῥωμαίων

11 3647 123 3710 616666.
165 3643 400 3710 6666166666
420 3647 577 3710 Murenam
599 3642 728 3706 defendit
749 3650 778 3705 et
792 3643 919 3707 Balbum
939 3643 1060 3708 61666-

11 3749 100 3822 lium;
127 3747 264 3828 reliquae
290 3746 352 3808 eius
379 3764 427 3809 res
456 3745 572 3808 abunde
597 3750 686 3806 notae
713 3751 788 3806 sunt.
831 3744 906 3808 Erat
927 3744 1005 3807 lilius
1025 3746 1060 3809 P.

11 3848 131 3924 Crassi,
161 3848 226 3928 qni,
254 3863 318 3908 666
339 3845 443 3909 666661
461 3846 566 3910 luisset
587 3863 614 3906 a.
632 3843 711 3920 657,
742 3862 847 3907 666666
872 3863 901 3907 6.
920 3845 997 3920 666,
1027 3862 1060 3907 66

11 3949 77 4030 ipse
97 3947 261 4022 interfecit,
282 3965 319 4010 ne
339 3948 370 4009 in
390 3947 596 4010 Marianorum
616 3962 718 4006 manus
738 3944 915 4025 perveniret.

98 4047 203 4112 lxvi.
246 4047 381 4126 6666666]
396 4053 519 4128 propter
534 4047 668 4126 ingentes
683 4044 800 4108 6161666
816 4043 965 4123 madasca
981 4040 1060 4122 apud

11 4149 131 4230 plebem
162 4155 192 4210 et
221 4146 302 4230 'apud
327 4147 470 4228 plurimos
498 4155 602 4230 potens
631 4153 710 4223 erat,
737 4151 895 4228 praeterea
926 4142 1060 4205 omnibus
