<?xml version="1.0" encoding="UTF-8"?>
<!DOCTYPE html PUBLIC "-//W3C//DTD XHTML 1.0 Transitional//EN"
    "http://www.w3.org/TR/xhtml1/DTD/xhtml1-transitional.dtd">
<html xmlns="http://www.w3.org/1999/xhtml" xml:lang="en" lang="en">
 <head>
  <title>
</title>
<meta http-equiv="Content-Type" content="text/html;charset=utf-8" />
  <meta name='ocr-system' content='tesseract 3.04.00' />
  <meta name='ocr-capabilities' content='ocr_page ocr_carea ocr_par ocr_line ocrx_word'/>
</head>
<body>
  <div class='ocr_page' id='page_1' title='image "./brutussivedecla00cicegoog/brutussivedecla00cicegoog_0068.png"; bbox 0 0 2676 4774; ppageno 0'>
   <div class='ocr_carea' id='block_1_1' title="bbox 260 398 1208 483">
    <p class='ocr_par' dir='ltr' id='par_1_1' title="bbox 260 398 1208 483">
     <span class='ocr_line' id='line_1_1' title="bbox 260 398 1208 483; baseline -0.016 -3"><span class='ocrx_word' id='word_1_1' title='bbox 260 409 325 480; x_wconf 78' lang='lat'><strong>44</strong></span> <span class='ocrx_word' id='word_1_2' title='bbox 419 401 568 479; x_wconf 79' lang='lat' dir='ltr'><strong>Bnavts</strong></span> <span class='ocrx_word' id='word_1_3' title='bbox 588 399 886 483; x_wconf 80' lang='lat' dir='ltr'><strong>ELOQUENTIAE</strong></span> <span class='ocrx_word' id='word_1_4' title='bbox 908 398 1012 468; x_wconf 85' lang='lat' dir='ltr'><strong>ROM.</strong></span> <span class='ocrx_word' id='word_1_5' title='bbox 1032 399 1143 468; x_wconf 80' lang='lat' dir='ltr'><strong>fltsr.</strong></span> <span class='ocrx_word' id='word_1_6' title='bbox 1203 417 1208 435; x_wconf 72' lang='lat'><strong>¹</strong></span> 
     </span>
    </p>
   </div>
   <div class='ocr_carea' id='block_1_2' title="bbox 262 573 1305 964">
    <p class='ocr_par' dir='ltr' id='par_1_2' title="bbox 262 573 1305 964">
     <span class='ocr_line' id='line_1_2' title="bbox 262 573 1305 654; baseline -0.007 -12"><span class='ocrx_word' id='word_1_7' title='bbox 262 588 322 642; x_wconf 90' lang='lat' dir='ltr'><strong>tum</strong></span> <span class='ocrx_word' id='word_1_8' title='bbox 341 577 397 640; x_wconf 90' lang='lat' dir='ltr'><strong>illa</strong></span> <span class='ocrx_word' id='word_1_9' title='bbox 416 585 499 640; x_wconf 88' lang='lat' dir='ltr'><strong>aetas</strong></span> <span class='ocrx_word' id='word_1_10' title='bbox 518 584 547 643; x_wconf 87' lang='lat' dir='ltr'><strong>et</strong></span> <span class='ocrx_word' id='word_1_11' title='bbox 567 575 621 640; x_wconf 91' lang='lat' dir='ltr'><strong>ille</strong></span> <span class='ocrx_word' id='word_1_12' title='bbox 642 575 753 650; x_wconf 88' lang='lat' dir='ltr'><strong>cultus,</strong></span> <span class='ocrx_word' id='word_1_13' title='bbox 775 591 833 654; x_wconf 91' lang='lat' dir='ltr'><strong>quo</strong></span> <span class='ocrx_word' id='word_1_14' title='bbox 856 573 1060 638; x_wconf 74' lang='lat' dir='ltr'><strong>mncllomani</strong></span> <span class='ocrx_word' id='word_1_15' title='bbox 1074 573 1122 634; x_wconf 92' lang='lat' dir='ltr'><strong>nsi</strong></span> <span class='ocrx_word' id='word_1_16' title='bbox 1138 579 1221 648; x_wconf 89' lang='lat' dir='ltr'><strong>sunt,</strong></span> <span class='ocrx_word' id='word_1_17' title='bbox 1238 591 1305 654; x_wconf 89' lang='lat' dir='ltr'><strong>per-</strong></span> 
     </span>
     <span class='ocr_line' id='line_1_3' title="bbox 262 665 1304 761; baseline -0.009 -17"><span class='ocrx_word' id='word_1_18' title='bbox 262 665 427 754; x_wconf 60' lang='lat' dir='ltr'><strong>inlusione</strong></span> <span class='ocrx_word' id='word_1_19' title='bbox 442 677 570 761; x_wconf 90' lang='lat' dir='ltr'><strong>prudens</strong></span> <span class='ocrx_word' id='word_1_20' title='bbox 582 677 748 751; x_wconf 80' lang='lat' dir='ltr'><strong>sententiis,</strong></span> <span class='ocrx_word' id='word_1_21' title='bbox 767 672 1013 755; x_wconf 65' lang='lat' dir='ltr'><strong>grandinariis,</strong></span> <span class='ocrx_word' id='word_1_22' title='bbox 1026 674 1304 738; x_wconf 83' lang='lat' dir='ltr'><strong>actioncnehemens</strong></span> 
     </span>
     <span class='ocr_line' id='line_1_4' title="bbox 263 771 1305 854; baseline -0.009 -11"><span class='ocrx_word' id='word_1_23' title='bbox 263 789 292 844; x_wconf 89' lang='lat' dir='ltr'><strong>et</strong></span> <span class='ocrx_word' id='word_1_24' title='bbox 311 780 350 842; x_wconf 92' lang='lat' dir='ltr'><strong>ad</strong></span> <span class='ocrx_word' id='word_1_25' title='bbox 372 779 529 843; x_wconf 81' lang='lat' dir='ltr'><strong>movendos</strong></span> <span class='ocrx_word' id='word_1_26' title='bbox 552 779 664 840; x_wconf 90' lang='lat' dir='ltr'><strong>animos</strong></span> <span class='ocrx_word' id='word_1_27' title='bbox 687 776 841 839; x_wconf 77' lang='lat' dir='ltr'><strong>admodum</strong></span> <span class='ocrx_word' id='word_1_28' title='bbox 865 773 989 838; x_wconf 88' lang='lat' dir='ltr'><strong>idoneus</strong></span> <span class='ocrx_word' id='word_1_29' title='bbox 1007 771 1088 854; x_wconf 79' lang='lat'><strong>(⁷¹⁸).</strong></span> <span class='ocrx_word' id='word_1_30' title='bbox 1130 773 1305 836; x_wconf 90' lang='lat' dir='ltr'><strong>llorridiora</strong></span> 
     </span>
     <span class='ocr_line' id='line_1_5' title="bbox 263 875 1304 964; baseline -0.008 -20"><span class='ocrx_word' id='word_1_31' title='bbox 263 880 407 964; x_wconf 77' lang='lat' dir='ltr'><strong>quaedam</strong></span> <span class='ocrx_word' id='word_1_32' title='bbox 435 881 498 942; x_wconf 90' lang='lat' dir='ltr'><strong>eins</strong></span> <span class='ocrx_word' id='word_1_33' title='bbox 527 879 621 942; x_wconf 86' lang='lat' dir='ltr'><strong>inisse</strong></span> <span class='ocrx_word' id='word_1_34' title='bbox 645 877 739 941; x_wconf 84' lang='lat' dir='ltr'><strong>rerba</strong></span> <span class='ocrx_word' id='word_1_35' title='bbox 766 884 795 938; x_wconf 91' lang='lat' dir='ltr'><strong>et</strong></span> <span class='ocrx_word' id='word_1_36' title='bbox 818 877 856 938; x_wconf 88' lang='lat' dir='ltr'><strong>ah</strong></span> <span class='ocrx_word' id='word_1_37' title='bbox 881 875 1023 938; x_wconf 89' lang='lat' dir='ltr'><strong>orationis</strong></span> <span class='ocrx_word' id='word_1_38' title='bbox 1051 875 1210 937; x_wconf 79' lang='lat' dir='ltr'><strong>struendae</strong></span> <span class='ocrx_word' id='word_1_39' title='bbox 1235 876 1304 936; x_wconf 88' lang='lat' dir='ltr'><strong>arli-</strong></span> 
     </span>
    </p>
   </div>
   <div class='ocr_carea' id='block_1_3' title="bbox 262 974 1231 1062">
    <p class='ocr_par' dir='ltr' id='par_1_3' title="bbox 262 974 1231 1062">
     <span class='ocr_line' id='line_1_6' title="bbox 262 974 1231 1062; baseline -0.007 -17"><span class='ocrx_word' id='word_1_40' title='bbox 262 982 329 1046; x_wconf 89' lang='lat' dir='ltr'><strong>iicio</strong></span> <span class='ocrx_word' id='word_1_41' title='bbox 349 990 419 1048; x_wconf 88' lang='lat' dir='ltr'><strong>tunc</strong></span> <span class='ocrx_word' id='word_1_42' title='bbox 439 982 541 1062; x_wconf 83' lang='lat' dir='ltr'><strong>ignoto</strong></span> <span class='ocrx_word' id='word_1_43' title='bbox 563 979 663 1042; x_wconf 81' lang='lat' dir='ltr'><strong>ahena</strong></span> <span class='ocrx_word' id='word_1_44' title='bbox 683 979 818 1060; x_wconf 91' lang='lat' dir='ltr'><strong>plnrihus</strong></span> <span class='ocrx_word' id='word_1_45' title='bbox 839 977 914 1039; x_wconf 91' lang='lat' dir='ltr'><strong>locis</strong></span> <span class='ocrx_word' id='word_1_46' title='bbox 936 975 1084 1058; x_wconf 79' lang='lat' dir='ltr'><strong>significat</strong></span> <span class='ocrx_word' id='word_1_47' title='bbox 1105 974 1231 1059; x_wconf 57' lang='lat' dir='ltr'><strong>Cicero„</strong></span> 
     </span>
    </p>
   </div>
   <div class='ocr_carea' id='block_1_4' title="bbox 735 1142 835 1226">
    <p class='ocr_par' dir='ltr' id='par_1_4' title="bbox 735 1142 835 1226">
     <span class='ocr_line' id='line_1_7' title="bbox 735 1142 835 1226; baseline -0.01 -18"><span class='ocrx_word' id='word_1_48' title='bbox 735 1142 762 1226; x_wconf 77' lang='lat' dir='ltr'><strong>s.</strong></span> <span class='ocrx_word' id='word_1_49' title='bbox 785 1147 835 1208; x_wconf 84' lang='lat' dir='ltr'><strong>m.</strong></span> 
     </span>
    </p>
   </div>
   <div class='ocr_carea' id='block_1_5' title="bbox 495 1255 1061 1318">
    <p class='ocr_par' dir='ltr' id='par_1_5' title="bbox 495 1255 1061 1318">
     <span class='ocr_line' id='line_1_8' title="bbox 495 1255 1061 1318; baseline -0.007 -1"><span class='ocrx_word' id='word_1_50' title='bbox 495 1260 529 1318; x_wconf 69' lang='lat'><strong>1..</strong></span> <span class='ocrx_word' id='word_1_51' title='bbox 549 1261 625 1316; x_wconf 89' lang='lat' dir='ltr'><strong>Piso.</strong></span> <span class='ocrx_word' id='word_1_52' title='bbox 662 1259 693 1314; x_wconf 86' lang='grc'><strong>0.</strong></span> <span class='ocrx_word' id='word_1_53' title='bbox 712 1257 839 1314; x_wconf 84' lang='lat' dir='ltr'><strong>Fannius.</strong></span> <span class='ocrx_word' id='word_1_54' title='bbox 874 1255 916 1313; x_wconf 85' lang='lat' dir='ltr'><strong>M.</strong></span> <span class='ocrx_word' id='word_1_55' title='bbox 935 1258 1061 1314; x_wconf 86' lang='lat' dir='ltr'><strong>Scaurus.</strong></span> 
     </span>
    </p>
   </div>
   <div class='ocr_carea' id='block_1_6' title="bbox 237 1379 1331 2580">
    <p class='ocr_par' dir='ltr' id='par_1_6' title="bbox 237 1379 1331 2580">
     <span class='ocr_line' id='line_1_9' title="bbox 348 1379 1305 1464; baseline -0.008 -14"><span class='ocrx_word' id='word_1_56' title='bbox 348 1387 420 1450; x_wconf 83' lang='lat' dir='ltr'>Post</span> <span class='ocrx_word' id='word_1_57' title='bbox 444 1383 477 1448; x_wconf 84' lang='lat' dir='ltr'><strong>G.</strong></span> <span class='ocrx_word' id='word_1_58' title='bbox 499 1383 625 1448; x_wconf 89' lang='lat' dir='ltr'><strong>Gracchi</strong></span> <span class='ocrx_word' id='word_1_59' title='bbox 645 1399 745 1444; x_wconf 88' lang='lat' dir='ltr'><strong>necem</strong></span> <span class='ocrx_word' id='word_1_60' title='bbox 763 1389 796 1444; x_wconf 90' lang='lat' dir='ltr'><strong>nt</strong></span> <span class='ocrx_word' id='word_1_61' title='bbox 816 1381 970 1464; x_wconf 91' lang='lat' dir='ltr'><strong>popularis</strong></span> <span class='ocrx_word' id='word_1_62' title='bbox 992 1388 1020 1444; x_wconf 88' lang='lat' dir='ltr'><strong>et</strong></span> <span class='ocrx_word' id='word_1_63' title='bbox 1040 1381 1184 1444; x_wconf 89' lang='lat' dir='ltr'><strong>nohilinm</strong></span> <span class='ocrx_word' id='word_1_64' title='bbox 1202 1379 1305 1442; x_wconf 83' lang='lat' dir='ltr'><strong>factio-</strong></span> 
     </span>
     <span class='ocr_line' id='line_1_10' title="bbox 263 1480 1304 1572; baseline -0.012 -17"><span class='ocrx_word' id='word_1_65' title='bbox 263 1489 312 1555; x_wconf 86' lang='lat' dir='ltr'><strong>nis</strong></span> <span class='ocrx_word' id='word_1_66' title='bbox 333 1486 530 1550; x_wconf 84' lang='lat' dir='ltr'>dissensiones</span> <span class='ocrx_word' id='word_1_67' title='bbox 558 1491 800 1566; x_wconf 71' lang='lat' dir='ltr'><strong>componerentur</strong></span> <span class='ocrx_word' id='word_1_68' title='bbox 829 1491 950 1572; x_wconf 44' lang='lat' dir='ltr'><strong>tantum·</strong></span> <span class='ocrx_word' id='word_1_69' title='bbox 966 1483 1085 1558; x_wconf 87' lang='lat' dir='ltr'><strong>aberat,</strong></span> <span class='ocrx_word' id='word_1_70' title='bbox 1116 1489 1149 1544; x_wconf 90' lang='lat' dir='ltr'><strong>nt</strong></span> <span class='ocrx_word' id='word_1_71' title='bbox 1172 1480 1304 1544; x_wconf 89' lang='lat' dir='ltr'><strong>inccndio</strong></span> 
     </span>
     <span class='ocr_line' id='line_1_11' title="bbox 265 1581 1306 1667; baseline -0.011 -15"><span class='ocrx_word' id='word_1_72' title='bbox 265 1607 330 1652; x_wconf 84' lang='lat' dir='ltr'><strong>cunr</strong></span> <span class='ocrx_word' id='word_1_73' title='bbox 355 1595 420 1650; x_wconf 89' lang='lat' dir='ltr'><strong>arte</strong></span> <span class='ocrx_word' id='word_1_74' title='bbox 444 1595 505 1650; x_wconf 91' lang='lat' dir='ltr'><strong>tum</strong></span> <span class='ocrx_word' id='word_1_75' title='bbox 524 1587 555 1650; x_wconf 81' lang='lat' dir='ltr'><strong>ri</strong></span> <span class='ocrx_word' id='word_1_76' title='bbox 574 1587 606 1648; x_wconf 93' lang='lat' dir='ltr'><strong>in</strong></span> <span class='ocrx_word' id='word_1_77' title='bbox 629 1585 751 1666; x_wconf 84' lang='lat' dir='ltr'><strong>aliquod</strong></span> <span class='ocrx_word' id='word_1_78' title='bbox 771 1591 884 1667; x_wconf 90' lang='lat' dir='ltr'><strong>tempus</strong></span> <span class='ocrx_word' id='word_1_79' title='bbox 902 1585 1042 1647; x_wconf 91' lang='lat' dir='ltr'><strong>restincto</strong></span> <span class='ocrx_word' id='word_1_80' title='bbox 1062 1600 1132 1645; x_wconf 82' lang='lat' dir='ltr'><strong>mox</strong></span> <span class='ocrx_word' id='word_1_81' title='bbox 1150 1581 1306 1645; x_wconf 77' lang='lat' dir='ltr'><strong>uiolentior</strong></span> 
     </span>
     <span class='ocr_line' id='line_1_12' title="bbox 258 1675 1306 1770; baseline -0.01 -17"><span class='ocrx_word' id='word_1_82' title='bbox 258 1675 392 1770; x_wconf 71' lang='lat' dir='ltr'><strong>&#39;undique</strong></span> <span class='ocrx_word' id='word_1_83' title='bbox 407 1689 523 1750; x_wconf 87' lang='lat' dir='ltr'><strong>flamma</strong></span> <span class='ocrx_word' id='word_1_84' title='bbox 538 1693 712 1768; x_wconf 88' lang='lat' dir='ltr'><strong>erumperet.</strong></span> <span class='ocrx_word' id='word_1_85' title='bbox 744 1687 783 1750; x_wconf 83' lang='lat' dir='ltr'><strong>Et</strong></span> <span class='ocrx_word' id='word_1_86' title='bbox 797 1703 898 1750; x_wconf 89' lang='lat' dir='ltr'><strong>eornm</strong></span> <span class='ocrx_word' id='word_1_87' title='bbox 915 1684 1045 1766; x_wconf 86' lang='lat' dir='ltr'><strong>quidem,</strong></span> <span class='ocrx_word' id='word_1_88' title='bbox 1063 1684 1115 1766; x_wconf 89' lang='lat' dir='ltr'><strong>qui</strong></span> <span class='ocrx_word' id='word_1_89' title='bbox 1130 1681 1164 1746; x_wconf 86' lang='lat' dir='ltr'><strong>G·</strong></span> <span class='ocrx_word' id='word_1_90' title='bbox 1177 1683 1306 1746; x_wconf 78' lang='lat' dir='ltr'><strong>Graccho</strong></span> 
     </span>
     <span class='ocr_line' id='line_1_13' title="bbox 265 1782 1307 1854; baseline -0.011 0"><span class='ocrx_word' id='word_1_91' title='bbox 265 1798 433 1854; x_wconf 82' lang='lat' dir='ltr'><strong>constanter</strong></span> <span class='ocrx_word' id='word_1_92' title='bbox 452 1789 601 1852; x_wconf 82' lang='lat' dir='ltr'><strong>aduersati</strong></span> <span class='ocrx_word' id='word_1_93' title='bbox 622 1795 740 1849; x_wconf 90' lang='lat' dir='ltr'><strong>senatos</strong></span> <span class='ocrx_word' id='word_1_94' title='bbox 761 1787 964 1850; x_wconf 89' lang='lat' dir='ltr'><strong>anctoritatem</strong></span> <span class='ocrx_word' id='word_1_95' title='bbox 985 1793 1014 1848; x_wconf 90' lang='lat' dir='ltr'><strong>et</strong></span> <span class='ocrx_word' id='word_1_96' title='bbox 1032 1785 1144 1848; x_wconf 90' lang='lat' dir='ltr'><strong>aerarii</strong></span> <span class='ocrx_word' id='word_1_97' title='bbox 1158 1782 1307 1846; x_wconf 90' lang='lat' dir='ltr'><strong>commoda</strong></span> 
     </span>
     <span class='ocr_line' id='line_1_14' title="bbox 257 1881 1331 1968; baseline -0.011 -12"><span class='ocrx_word' id='word_1_98' title='bbox 257 1881 369 1956; x_wconf 70' lang='lat' dir='ltr'><strong>¹contra</strong></span> <span class='ocrx_word' id='word_1_99' title='bbox 383 1898 555 1954; x_wconf 81' lang='lat' dir='ltr'><strong>novatorum</strong></span> <span class='ocrx_word' id='word_1_100' title='bbox 571 1887 668 1950; x_wconf 89' lang='lat' dir='ltr'><strong>studia</strong></span> <span class='ocrx_word' id='word_1_101' title='bbox 683 1897 712 1950; x_wconf 90' lang='lat' dir='ltr'><strong>et</strong></span> <span class='ocrx_word' id='word_1_102' title='bbox 727 1888 905 1968; x_wconf 83' lang='lat' dir='ltr'><strong>largitiones</strong></span> <span class='ocrx_word' id='word_1_103' title='bbox 923 1887 1156 1950; x_wconf 83' lang='lat' dir='ltr'><strong>constantissime</strong></span> <span class='ocrx_word' id='word_1_104' title='bbox 1171 1883 1306 1948; x_wconf 83' lang='lat' dir='ltr'><strong>defende·</strong></span> <span class='ocrx_word' id='word_1_105' title='bbox 1330 1881 1331 1938; x_wconf 65' lang='grc' dir='ltr'>ἰ</span> 
     </span>
     <span class='ocr_line' id='line_1_15' title="bbox 264 1987 1305 2068; baseline -0.012 -10"><span class='ocrx_word' id='word_1_106' title='bbox 264 2002 347 2068; x_wconf 93' lang='lat' dir='ltr'><strong>runt,</strong></span> <span class='ocrx_word' id='word_1_107' title='bbox 373 1991 584 2057; x_wconf 80' lang='lat' dir='ltr'><strong>uetustissimus</strong></span> <span class='ocrx_word' id='word_1_108' title='bbox 609 1995 653 2052; x_wconf 86' lang='lat' dir='ltr'><strong>est</strong></span> <span class='ocrx_word' id='word_1_109' title='bbox 673 1993 709 2048; x_wconf 81' lang='lat' dir='ltr'><strong>L.</strong></span> <span class='ocrx_word' id='word_1_110' title='bbox 732 1989 903 2068; x_wconf 74' lang='lat' dir='ltr'><strong>cooperatos</strong></span> <span class='ocrx_word' id='word_1_111' title='bbox 923 1993 992 2049; x_wconf 79' lang='lat' dir='ltr'><strong>Piso</strong></span> <span class='ocrx_word' id='word_1_112' title='bbox 1013 1991 1103 2064; x_wconf 69' lang='lat' dir='ltr'><strong>Fanni</strong></span> <span class='ocrx_word' id='word_1_113' title='bbox 1124 1987 1204 2065; x_wconf 83' lang='lat' dir='ltr'><strong>legis</strong></span> <span class='ocrx_word' id='word_1_114' title='bbox 1223 2002 1305 2066; x_wconf 88' lang='lat' dir='ltr'><strong>repe-</strong></span> 
     </span>
     <span class='ocr_line' id='line_1_16' title="bbox 263 2089 1305 2172; baseline -0.012 -12"><span class='ocrx_word' id='word_1_115' title='bbox 263 2096 419 2160; x_wconf 88' lang='lat' dir='ltr'><strong>tundarum</strong></span> <span class='ocrx_word' id='word_1_116' title='bbox 438 2101 558 2166; x_wconf 89' lang='lat' dir='ltr'><strong>anctor;</strong></span> <span class='ocrx_word' id='word_1_117' title='bbox 585 2093 638 2172; x_wconf 91' lang='lat' dir='ltr'><strong>qni</strong></span> <span class='ocrx_word' id='word_1_118' title='bbox 657 2090 840 2153; x_wconf 90' lang='lat' dir='ltr'><strong>consulatum</strong></span> <span class='ocrx_word' id='word_1_119' title='bbox 861 2108 890 2152; x_wconf 90' lang='lat' dir='ltr'><strong>a.</strong></span> <span class='ocrx_word' id='word_1_120' title='bbox 908 2093 968 2152; x_wconf 82' lang='lat'><strong>621</strong></span> <span class='ocrx_word' id='word_1_121' title='bbox 993 2089 1099 2168; x_wconf 81' lang='lat' dir='ltr'><strong>gessit,</strong></span> <span class='ocrx_word' id='word_1_122' title='bbox 1119 2104 1226 2150; x_wconf 89' lang='lat' dir='ltr'><strong>censor</strong></span> <span class='ocrx_word' id='word_1_123' title='bbox 1249 2104 1305 2148; x_wconf 92' lang='lat' dir='ltr'><strong>cnm</strong></span> 
     </span>
     <span class='ocr_line' id='line_1_17' title="bbox 264 2190 1305 2276; baseline -0.012 -14"><span class='ocrx_word' id='word_1_124' title='bbox 264 2199 301 2276; x_wconf 79' lang='lat' dir='ltr'><strong>Q.</strong></span> <span class='ocrx_word' id='word_1_125' title='bbox 322 2196 448 2262; x_wconf 87' lang='lat' dir='ltr'><strong>Metello</strong></span> <span class='ocrx_word' id='word_1_126' title='bbox 468 2193 627 2256; x_wconf 91' lang='lat' dir='ltr'><strong>Balearioo</strong></span> <span class='ocrx_word' id='word_1_127' title='bbox 654 2192 711 2254; x_wconf 85' lang='lat' dir='ltr'><strong>init</strong></span> <span class='ocrx_word' id='word_1_128' title='bbox 734 2211 763 2254; x_wconf 89' lang='lat' dir='ltr'><strong>a.</strong></span> <span class='ocrx_word' id='word_1_129' title='bbox 783 2193 856 2254; x_wconf 77' lang='lat'><strong>634.</strong></span> <span class='ocrx_word' id='word_1_130' title='bbox 896 2191 925 2254; x_wconf 92' lang='lat' dir='ltr'><strong>Is</strong></span> <span class='ocrx_word' id='word_1_131' title='bbox 955 2190 1061 2252; x_wconf 91' lang='lat' dir='ltr'><strong>multas</strong></span> <span class='ocrx_word' id='word_1_132' title='bbox 1083 2190 1183 2268; x_wconf 78' lang='lat' dir='ltr'><strong>egisse</strong></span> <span class='ocrx_word' id='word_1_133' title='bbox 1203 2205 1305 2250; x_wconf 87' lang='lat' dir='ltr'><strong>causas</strong></span> 
     </span>
     <span class='ocr_line' id='line_1_18' title="bbox 265 2291 1305 2377; baseline -0.01 -16"><span class='ocrx_word' id='word_1_134' title='bbox 265 2299 431 2377; x_wconf 87' lang='lat' dir='ltr'><strong>multasque</strong></span> <span class='ocrx_word' id='word_1_135' title='bbox 472 2295 560 2356; x_wconf 88' lang='lat' dir='ltr'><strong>etiarn</strong></span> <span class='ocrx_word' id='word_1_136' title='bbox 597 2293 665 2355; x_wconf 89' lang='lat' dir='ltr'><strong>aliis</strong></span> <span class='ocrx_word' id='word_1_137' title='bbox 705 2293 854 2354; x_wconf 90' lang='lat' dir='ltr'><strong>orationes</strong></span> <span class='ocrx_word' id='word_1_138' title='bbox 891 2291 1046 2373; x_wconf 80' lang='lat' dir='ltr'><strong>scripsisse</strong></span> <span class='ocrx_word' id='word_1_139' title='bbox 1077 2291 1193 2366; x_wconf 82' lang='lat' dir='ltr'><strong>fertur,</strong></span> <span class='ocrx_word' id='word_1_140' title='bbox 1236 2307 1305 2371; x_wconf 90' lang='lat' dir='ltr'><strong>qnae</strong></span> 
     </span>
     <span class='ocr_line' id='line_1_19' title="bbox 237 2393 1305 2474; baseline -0.003 -18"><span class='ocrx_word' id='word_1_141' title='bbox 237 2447 242 2456; x_wconf 95' lang='lat'><strong>.</strong></span> <span class='ocrx_word' id='word_1_142' title='bbox 266 2398 419 2462; x_wconf 78' lang='lat' dir='ltr'><strong>Ciceronis</strong></span> <span class='ocrx_word' id='word_1_143' title='bbox 451 2401 548 2456; x_wconf 89' lang='lat' dir='ltr'><strong>aetate</strong></span> <span class='ocrx_word' id='word_1_144' title='bbox 578 2399 772 2467; x_wconf 82' lang='lat' dir='ltr'><strong>evanuerant3</strong></span> <span class='ocrx_word' id='word_1_145' title='bbox 798 2393 919 2474; x_wconf 90' lang='lat' dir='ltr'><strong>reliquit</strong></span> <span class='ocrx_word' id='word_1_146' title='bbox 939 2394 1027 2456; x_wconf 87' lang='lat' dir='ltr'><strong>etiam</strong></span> <span class='ocrx_word' id='word_1_147' title='bbox 1048 2393 1172 2454; x_wconf 84' lang='lat' dir='ltr'><strong>annales</strong></span> <span class='ocrx_word' id='word_1_148' title='bbox 1194 2393 1305 2454; x_wconf 81' lang='lat' dir='ltr'><strong>exiliter</strong></span> 
     </span>
     <span class='ocr_line' id='line_1_20' title="bbox 266 2492 1304 2580; baseline -0.004 -18"><span class='ocrx_word' id='word_1_149' title='bbox 266 2501 393 2580; x_wconf 86' lang='lat' dir='ltr'><strong>scriptor</strong></span> <span class='ocrx_word' id='word_1_150' title='bbox 412 2492 495 2575; x_wconf 74' lang='lat'><strong>(⁷¹¹³).</strong></span> <span class='ocrx_word' id='word_1_151' title='bbox 537 2494 594 2556; x_wconf 92' lang='lat' dir='ltr'><strong>llic</strong></span> <span class='ocrx_word' id='word_1_152' title='bbox 621 2511 685 2557; x_wconf 89' lang='lat' dir='ltr'><strong>curn</strong></span> <span class='ocrx_word' id='word_1_153' title='bbox 711 2493 817 2558; x_wconf 91' lang='lat' dir='ltr'><strong>multas</strong></span> <span class='ocrx_word' id='word_1_154' title='bbox 837 2494 922 2575; x_wconf 74' lang='lat' dir='ltr'><strong>leges</strong></span> <span class='ocrx_word' id='word_1_155' title='bbox 943 2495 1070 2560; x_wconf 86' lang='lat' dir='ltr'><strong>suaserit</strong></span> <span class='ocrx_word' id='word_1_156' title='bbox 1090 2493 1304 2566; x_wconf 72' lang='lat' dir='ltr'><strong>dissuaserint7</strong></span> 
     </span>
    </p>
   </div>
   <div class='ocr_carea' id='block_1_7' title="bbox 265 2617 473 2634">
    <p class='ocr_par' dir='ltr' id='par_1_7' title="bbox 265 2617 473 2634">
     <span class='ocr_line' id='line_1_21' title="bbox 265 2617 473 2634; baseline -0.014 0"><span class='ocrx_word' id='word_1_157' title='bbox 265 2617 473 2634; x_wconf 58' lang='lat' dir='ltr'><strong>...nu—*¹¹⁸⁸*-</strong></span> 
     </span>
    </p>
   </div>
   <div class='ocr_carea' id='block_1_8' title="bbox 190 2689 1330 4302">
    <p class='ocr_par' dir='ltr' id='par_1_8' title="bbox 190 2689 1330 4302">
     <span class='ocr_line' id='line_1_22' title="bbox 334 2689 1305 2763; baseline -0.003 -17"><span class='ocrx_word' id='word_1_158' title='bbox 334 2693 365 2746; x_wconf 89' lang='grc'><strong>71</strong></span> <span class='ocrx_word' id='word_1_159' title='bbox 374 2694 401 2760; x_wconf 91' lang='lat' dir='ltr'><strong>a)</strong></span> <span class='ocrx_word' id='word_1_160' title='bbox 420 2691 475 2746; x_wconf 86' lang='lat' dir='ltr'><strong>Cic.</strong></span> <span class='ocrx_word' id='word_1_161' title='bbox 488 2689 567 2748; x_wconf 87' lang='lat' dir='ltr'><strong>Brut.</strong></span> <span class='ocrx_word' id='word_1_162' title='bbox 579 2691 628 2758; x_wconf 85' lang='grc'><strong>38,</strong></span> <span class='ocrx_word' id='word_1_163' title='bbox 641 2689 699 2746; x_wconf 80' lang='lat' dir='ltr'><strong>lto.</strong></span> <span class='ocrx_word' id='word_1_164' title='bbox 725 2690 797 2746; x_wconf 81' lang='lat' dir='ltr'><strong>Plut.</strong></span> <span class='ocrx_word' id='word_1_165' title='bbox 813 2691 853 2748; x_wconf 87' lang='lat' dir='ltr'><strong>Ti.</strong></span> <span class='ocrx_word' id='word_1_166' title='bbox 867 2691 993 2746; x_wconf 88' lang='lat' dir='ltr'><strong>Graccho</strong></span> <span class='ocrx_word' id='word_1_167' title='bbox 1007 2692 1033 2748; x_wconf 74' lang='lat'><strong>2.</strong></span> <span class='ocrx_word' id='word_1_168' title='bbox 1062 2691 1201 2763; x_wconf 82' lang='lat' dir='ltr'><strong>Magister</strong></span> <span class='ocrx_word' id='word_1_169' title='bbox 1215 2692 1305 2746; x_wconf 86' lang='lat' dir='ltr'><strong>Mene·</strong></span> 
     </span>
     <span class='ocr_line' id='line_1_23' title="bbox 265 2767 1330 2844; baseline -0.008 -9"><span class='ocrx_word' id='word_1_170' title='bbox 265 2781 324 2835; x_wconf 90' lang='lat' dir='ltr'><strong>laus</strong></span> <span class='ocrx_word' id='word_1_171' title='bbox 341 2776 538 2844; x_wconf 86' lang='lat' dir='ltr'><strong>Marathenus,</strong></span> <span class='ocrx_word' id='word_1_172' title='bbox 555 2795 583 2832; x_wconf 88' lang='lat' dir='ltr'><strong>v.</strong></span> <span class='ocrx_word' id='word_1_173' title='bbox 602 2776 659 2832; x_wconf 89' lang='lat' dir='ltr'><strong>Cic.</strong></span> <span class='ocrx_word' id='word_1_174' title='bbox 672 2775 750 2830; x_wconf 89' lang='lat' dir='ltr'><strong>Brut.</strong></span> <span class='ocrx_word' id='word_1_175' title='bbox 765 2776 815 2842; x_wconf 71' lang='grc'><strong>00,</strong></span> <span class='ocrx_word' id='word_1_176' title='bbox 833 2777 893 2832; x_wconf 90' lang='grc'><strong>100.</strong></span> <span class='ocrx_word' id='word_1_177' title='bbox 929 2777 1040 2836; x_wconf 75' lang='lat' dir='ltr'><strong>Quanta</strong></span> <span class='ocrx_word' id='word_1_178' title='bbox 1058 2794 1127 2830; x_wconf 90' lang='lat' dir='ltr'><strong>cura</strong></span> <span class='ocrx_word' id='word_1_179' title='bbox 1145 2779 1204 2832; x_wconf 85' lang='lat' dir='ltr'><strong>eius</strong></span> <span class='ocrx_word' id='word_1_180' title='bbox 1222 2777 1305 2840; x_wconf 77' lang='lat' dir='ltr'><strong>fuerit,</strong></span> <span class='ocrx_word' id='word_1_181' title='bbox 1329 2767 1330 2806; x_wconf 59' lang='lat'><em>³</em></span> 
     </span>
     <span class='ocr_line' id='line_1_24' title="bbox 266 2861 1304 2932; baseline -0.009 -11"><span class='ocrx_word' id='word_1_182' title='bbox 266 2873 296 2920; x_wconf 90' lang='lat' dir='ltr'><strong>nt</strong></span> <span class='ocrx_word' id='word_1_183' title='bbox 308 2881 379 2920; x_wconf 87' lang='lat' dir='ltr'><strong>voce</strong></span> <span class='ocrx_word' id='word_1_184' title='bbox 396 2871 519 2917; x_wconf 88' lang='lat' dir='ltr'><strong>uteretur</strong></span> <span class='ocrx_word' id='word_1_185' title='bbox 532 2879 635 2916; x_wconf 84' lang='lat' dir='ltr'><strong>canora</strong></span> <span class='ocrx_word' id='word_1_186' title='bbox 654 2871 682 2916; x_wconf 89' lang='lat' dir='ltr'><strong>et</strong></span> <span class='ocrx_word' id='word_1_187' title='bbox 699 2861 735 2914; x_wconf 90' lang='lat' dir='ltr'><strong>ad</strong></span> <span class='ocrx_word' id='word_1_188' title='bbox 748 2879 804 2914; x_wconf 89' lang='lat' dir='ltr'><strong>rem</strong></span> <span class='ocrx_word' id='word_1_189' title='bbox 816 2871 894 2932; x_wconf 86' lang='lat' dir='ltr'><strong>apta,</strong></span> <span class='ocrx_word' id='word_1_190' title='bbox 914 2862 950 2916; x_wconf 92' lang='lat' dir='ltr'><strong>de</strong></span> <span class='ocrx_word' id='word_1_191' title='bbox 962 2861 1117 2916; x_wconf 86' lang='lat' dir='ltr'><strong>fistulatore</strong></span> <span class='ocrx_word' id='word_1_192' title='bbox 1129 2864 1188 2916; x_wconf 87' lang='lat' dir='ltr'><strong>eins</strong></span> <span class='ocrx_word' id='word_1_193' title='bbox 1203 2863 1304 2916; x_wconf 86' lang='lat' dir='ltr'><strong>Licinio</strong></span> 
     </span>
     <span class='ocr_line' id='line_1_25' title="bbox 265 2944 1305 3022; baseline -0.008 -17"><span class='ocrx_word' id='word_1_194' title='bbox 265 2951 385 3022; x_wconf 84' lang='lat' dir='ltr'><strong>Erycino</strong></span> <span class='ocrx_word' id='word_1_195' title='bbox 404 2949 527 3004; x_wconf 88' lang='lat' dir='ltr'><strong>narratio</strong></span> <span class='ocrx_word' id='word_1_196' title='bbox 547 2948 629 3002; x_wconf 89' lang='lat' dir='ltr'><strong>docet</strong></span> <span class='ocrx_word' id='word_1_197' title='bbox 649 2946 723 3016; x_wconf 89' lang='lat' dir='ltr'><strong>apud</strong></span> <span class='ocrx_word' id='word_1_198' title='bbox 740 2945 795 3002; x_wconf 85' lang='lat' dir='ltr'><strong>Cic.</strong></span> <span class='ocrx_word' id='word_1_199' title='bbox 814 2945 849 3000; x_wconf 91' lang='lat' dir='ltr'><strong>de</strong></span> <span class='ocrx_word' id='word_1_200' title='bbox 866 2944 917 3003; x_wconf 84' lang='lat' dir='ltr'><strong>Or.</strong></span> <span class='ocrx_word' id='word_1_201' title='bbox 935 2945 981 3000; x_wconf 89' lang='lat' dir='ltr'><strong>lll.</strong></span> <span class='ocrx_word' id='word_1_202' title='bbox 998 2945 1048 3012; x_wconf 85' lang='lat'><strong>60,</strong></span> <span class='ocrx_word' id='word_1_203' title='bbox 1066 2945 1142 3012; x_wconf 79' lang='lat' dir='ltr'><strong>aan.;</strong></span> <span class='ocrx_word' id='word_1_204' title='bbox 1169 2948 1244 3002; x_wconf 88' lang='lat' dir='ltr'><strong>unde</strong></span> <span class='ocrx_word' id='word_1_205' title='bbox 1262 2963 1305 3000; x_wconf 87' lang='lat' dir='ltr'><strong>sno</strong></span> 
     </span>
     <span class='ocr_line' id='line_1_26' title="bbox 265 3030 1303 3097; baseline -0.008 -7"><span class='ocrx_word' id='word_1_206' title='bbox 265 3036 414 3090; x_wconf 89' lang='lat' dir='ltr'><strong>hauserunt</strong></span> <span class='ocrx_word' id='word_1_207' title='bbox 438 3033 551 3092; x_wconf 74' lang='lat' dir='ltr'><strong>Quintil.</strong></span> <span class='ocrx_word' id='word_1_208' title='bbox 570 3031 655 3096; x_wconf 73' lang='lat'><strong>1:10,</strong></span> <span class='ocrx_word' id='word_1_209' title='bbox 673 3031 716 3086; x_wconf 73' lang='grc'><strong>07.</strong></span> <span class='ocrx_word' id='word_1_210' title='bbox 746 3030 808 3085; x_wconf 88' lang='lat' dir='ltr'><strong>Val.</strong></span> <span class='ocrx_word' id='word_1_211' title='bbox 827 3031 904 3087; x_wconf 85' lang='lat' dir='ltr'><strong>Max.</strong></span> <span class='ocrx_word' id='word_1_212' title='bbox 924 3031 997 3086; x_wconf 91' lang='lat' dir='ltr'><strong>Vlll.</strong></span> <span class='ocrx_word' id='word_1_213' title='bbox 1016 3032 1062 3097; x_wconf 89' lang='grc'><strong>10,</strong></span> <span class='ocrx_word' id='word_1_214' title='bbox 1081 3031 1105 3086; x_wconf 95' lang='lat' dir='ltr'><strong>l.</strong></span> <span class='ocrx_word' id='word_1_215' title='bbox 1137 3032 1210 3087; x_wconf 87' lang='lat' dir='ltr'><strong>Gell.</strong></span> <span class='ocrx_word' id='word_1_216' title='bbox 1230 3032 1249 3087; x_wconf 90' lang='lat' dir='ltr'><strong>l.</strong></span> <span class='ocrx_word' id='word_1_217' title='bbox 1268 3031 1303 3084; x_wconf 91' lang='lat' dir='ltr'><strong>ll.</strong></span> 
     </span>
     <span class='ocr_line' id='line_1_27' title="bbox 265 3114 1303 3184; baseline -0.009 -8"><span class='ocrx_word' id='word_1_218' title='bbox 265 3120 298 3176; x_wconf 91' lang='lat' dir='ltr'><strong>ln</strong></span> <span class='ocrx_word' id='word_1_219' title='bbox 316 3119 491 3175; x_wconf 85' lang='lat' dir='ltr'><strong>vehementia</strong></span> <span class='ocrx_word' id='word_1_220' title='bbox 510 3117 627 3174; x_wconf 86' lang='lat' dir='ltr'><strong>Gracchi</strong></span> <span class='ocrx_word' id='word_1_221' title='bbox 642 3115 768 3170; x_wconf 86' lang='lat' dir='ltr'><strong>laudibus</strong></span> <span class='ocrx_word' id='word_1_222' title='bbox 789 3117 911 3172; x_wconf 89' lang='lat' dir='ltr'><strong>tollenda</strong></span> <span class='ocrx_word' id='word_1_223' title='bbox 927 3117 984 3172; x_wconf 87' lang='lat' dir='ltr'><strong>Gic.</strong></span> <span class='ocrx_word' id='word_1_224' title='bbox 1000 3117 1034 3170; x_wconf 90' lang='lat' dir='ltr'><strong>de</strong></span> <span class='ocrx_word' id='word_1_225' title='bbox 1049 3114 1099 3171; x_wconf 85' lang='lat' dir='ltr'><strong>Or.</strong></span> <span class='ocrx_word' id='word_1_226' title='bbox 1118 3115 1235 3184; x_wconf 71' lang='lat' dir='ltr'><strong>liano,</strong></span> <span class='ocrx_word' id='word_1_227' title='bbox 1252 3116 1303 3170; x_wconf 76' lang='lat' dir='ltr'><strong>all.</strong></span> 
     </span>
     <span class='ocr_line' id='line_1_28' title="bbox 266 3201 1305 3274; baseline -0.008 -12"><span class='ocrx_word' id='word_1_228' title='bbox 266 3223 328 3262; x_wconf 89' lang='lat' dir='ltr'><strong>cnm</strong></span> <span class='ocrx_word' id='word_1_229' title='bbox 346 3205 445 3258; x_wconf 90' lang='lat' dir='ltr'><strong>iudicio</strong></span> <span class='ocrx_word' id='word_1_230' title='bbox 462 3204 538 3274; x_wconf 80' lang='lat' dir='ltr'><strong>vulgi</strong></span> <span class='ocrx_word' id='word_1_231' title='bbox 555 3202 711 3271; x_wconf 85' lang='lat' dir='ltr'><strong>conspirat,</strong></span> <span class='ocrx_word' id='word_1_232' title='bbox 731 3201 806 3255; x_wconf 91' lang='lat' dir='ltr'><strong>cuius</strong></span> <span class='ocrx_word' id='word_1_233' title='bbox 821 3202 901 3256; x_wconf 87' lang='lat' dir='ltr'><strong>etiarn</strong></span> <span class='ocrx_word' id='word_1_234' title='bbox 919 3202 1024 3256; x_wconf 85' lang='lat' dir='ltr'><strong>Gellius</strong></span> <span class='ocrx_word' id='word_1_235' title='bbox 1041 3202 1076 3256; x_wconf 90' lang='lat' dir='ltr'><strong>X.</strong></span> <span class='ocrx_word' id='word_1_236' title='bbox 1093 3201 1119 3257; x_wconf 88' lang='grc'><strong>3.</strong></span> <span class='ocrx_word' id='word_1_237' title='bbox 1140 3211 1169 3256; x_wconf 91' lang='lat' dir='ltr'><strong>et</strong></span> <span class='ocrx_word' id='word_1_238' title='bbox 1181 3202 1305 3272; x_wconf 77' lang='lat' dir='ltr'><strong>Apuleius</strong></span> 
     </span>
     <span class='ocr_line' id='line_1_29' title="bbox 265 3287 1304 3364; baseline -0.01 -16"><span class='ocrx_word' id='word_1_239' title='bbox 265 3295 347 3364; x_wconf 86' lang='lat' dir='ltr'><strong>Apol.</strong></span> <span class='ocrx_word' id='word_1_240' title='bbox 362 3311 388 3363; x_wconf 88' lang='lat' dir='ltr'><strong>p.</strong></span> <span class='ocrx_word' id='word_1_241' title='bbox 401 3289 460 3344; x_wconf 88' lang='lat'><strong>551.</strong></span> <span class='ocrx_word' id='word_1_242' title='bbox 480 3294 564 3340; x_wconf 91' lang='lat' dir='ltr'><strong>testes</strong></span> <span class='ocrx_word' id='word_1_243' title='bbox 582 3293 706 3352; x_wconf 84' lang='lat' dir='ltr'><strong>exstant,</strong></span> <span class='ocrx_word' id='word_1_244' title='bbox 723 3287 774 3338; x_wconf 91' lang='lat' dir='ltr'><strong>etsi</strong></span> <span class='ocrx_word' id='word_1_245' title='bbox 791 3287 838 3340; x_wconf 89' lang='lat' dir='ltr'><strong>ille</strong></span> <span class='ocrx_word' id='word_1_246' title='bbox 850 3287 980 3342; x_wconf 80' lang='lat' dir='ltr'><strong>Catonem</strong></span> <span class='ocrx_word' id='word_1_247' title='bbox 997 3294 1121 3342; x_wconf 86' lang='lat' dir='ltr'><strong>veterem</strong></span> <span class='ocrx_word' id='word_1_248' title='bbox 1138 3287 1167 3340; x_wconf 91' lang='lat' dir='ltr'><strong>in</strong></span> <span class='ocrx_word' id='word_1_249' title='bbox 1179 3288 1304 3342; x_wconf 86' lang='lat' dir='ltr'><strong>similibus</strong></span> 
     </span>
     <span class='ocr_line' id='line_1_30' title="bbox 265 3369 1305 3444; baseline -0.008 -12"><span class='ocrx_word' id='word_1_250' title='bbox 265 3377 334 3433; x_wconf 85' lang='lat' dir='ltr'><strong>locis</strong></span> <span class='ocrx_word' id='word_1_251' title='bbox 352 3373 499 3432; x_wconf 87' lang='lat' dir='ltr'><strong>tractandis</strong></span> <span class='ocrx_word' id='word_1_252' title='bbox 518 3370 708 3426; x_wconf 86' lang='lat' dir='ltr'><strong>nervosiorern</strong></span> <span class='ocrx_word' id='word_1_253' title='bbox 725 3371 815 3424; x_wconf 88' lang='lat' dir='ltr'><strong>videri</strong></span> <span class='ocrx_word' id='word_1_254' title='bbox 833 3389 888 3426; x_wconf 89' lang='lat' dir='ltr'><strong>non</strong></span> <span class='ocrx_word' id='word_1_255' title='bbox 908 3369 1046 3428; x_wconf 84' lang='lat' dir='ltr'><strong>diffitetur.</strong></span> <span class='ocrx_word' id='word_1_256' title='bbox 1082 3371 1174 3426; x_wconf 82' lang='lat' dir='ltr'><strong>Etiam</strong></span> <span class='ocrx_word' id='word_1_257' title='bbox 1193 3375 1305 3444; x_wconf 87' lang='lat' dir='ltr'><strong>scriptor</strong></span> 
     </span>
     <span class='ocr_line' id='line_1_31' title="bbox 266 3453 1304 3532; baseline -0.011 -12"><span class='ocrx_word' id='word_1_258' title='bbox 266 3463 368 3532; x_wconf 75' lang='lat' dir='ltr'><strong>dialogi</strong></span> <span class='ocrx_word' id='word_1_259' title='bbox 385 3461 420 3516; x_wconf 85' lang='lat' dir='ltr'><strong>de</strong></span> <span class='ocrx_word' id='word_1_260' title='bbox 435 3457 591 3514; x_wconf 85' lang='lat' dir='ltr'><strong>oratoribus</strong></span> <span class='ocrx_word' id='word_1_261' title='bbox 606 3472 629 3508; x_wconf 90' lang='lat' dir='ltr'><strong>c.</strong></span> <span class='ocrx_word' id='word_1_262' title='bbox 642 3453 683 3510; x_wconf 75' lang='lat'><strong>26.</strong></span> <span class='ocrx_word' id='word_1_263' title='bbox 704 3455 903 3512; x_wconf 87' lang='lat' dir='ltr'><strong>vehementiam</strong></span> <span class='ocrx_word' id='word_1_264' title='bbox 917 3457 1035 3514; x_wconf 83' lang='lat' dir='ltr'><strong>Gracchi</strong></span> <span class='ocrx_word' id='word_1_265' title='bbox 1050 3458 1224 3525; x_wconf 89' lang='lat' dir='ltr'><strong>calamistris,</strong></span> <span class='ocrx_word' id='word_1_266' title='bbox 1243 3474 1304 3528; x_wconf 85' lang='lat' dir='ltr'><strong>quae</strong></span> 
     </span>
     <span class='ocr_line' id='line_1_32' title="bbox 265 3542 1302 3616; baseline -0.009 -12"><span class='ocrx_word' id='word_1_267' title='bbox 265 3550 314 3604; x_wconf 90' lang='lat' dir='ltr'><strong>illa</strong></span> <span class='ocrx_word' id='word_1_268' title='bbox 338 3553 429 3602; x_wconf 86' lang='lat' dir='ltr'><strong>aetate</strong></span> <span class='ocrx_word' id='word_1_269' title='bbox 452 3542 526 3614; x_wconf 90' lang='lat' dir='ltr'><strong>apud</strong></span> <span class='ocrx_word' id='word_1_270' title='bbox 544 3542 673 3612; x_wconf 87' lang='lat' dir='ltr'><strong>plurimos</strong></span> <span class='ocrx_word' id='word_1_271' title='bbox 692 3542 838 3612; x_wconf 84' lang='lat' dir='ltr'><strong>vigebant,</strong></span> <span class='ocrx_word' id='word_1_272' title='bbox 863 3544 946 3616; x_wconf 77' lang='lat' dir='ltr'><strong>longe</strong></span> <span class='ocrx_word' id='word_1_273' title='bbox 964 3543 1176 3614; x_wconf 81' lang='lat' dir='ltr'><strong>praeferendam</strong></span> <span class='ocrx_word' id='word_1_274' title='bbox 1200 3544 1302 3598; x_wconf 85' lang='lat' dir='ltr'><strong>iudicat</strong></span> 
     </span>
     <span class='ocr_line' id='line_1_33' title="bbox 190 3627 1304 3700; baseline -0.009 -10"><span class='ocrx_word' id='word_1_275' title='bbox 190 3631 229 3656; x_wconf 61' lang='lat'><strong>⁸·</strong></span> <span class='ocrx_word' id='word_1_276' title='bbox 265 3633 455 3690; x_wconf 87' lang='lat' dir='ltr'><strong>Amaritndine</strong></span> <span class='ocrx_word' id='word_1_277' title='bbox 482 3637 510 3682; x_wconf 89' lang='lat' dir='ltr'><strong>et</strong></span> <span class='ocrx_word' id='word_1_278' title='bbox 533 3628 677 3681; x_wconf 89' lang='lat' dir='ltr'><strong>dicacitate</strong></span> <span class='ocrx_word' id='word_1_279' title='bbox 702 3627 786 3700; x_wconf 80' lang='lat' dir='ltr'><strong>longe</strong></span> <span class='ocrx_word' id='word_1_280' title='bbox 813 3645 909 3683; x_wconf 88' lang='lat' dir='ltr'><strong>omnes</strong></span> <span class='ocrx_word' id='word_1_281' title='bbox 933 3627 1063 3698; x_wconf 84' lang='lat' dir='ltr'><strong>aequales</strong></span> <span class='ocrx_word' id='word_1_282' title='bbox 1082 3645 1233 3698; x_wconf 85' lang='lat' dir='ltr'><strong>superasse</strong></span> <span class='ocrx_word' id='word_1_283' title='bbox 1249 3628 1304 3683; x_wconf 83' lang='lat' dir='ltr'><strong>Pto·</strong></span> 
     </span>
     <span class='ocr_line' id='line_1_34' title="bbox 267 3712 1304 3784; baseline -0.009 -10"><span class='ocrx_word' id='word_1_284' title='bbox 267 3717 377 3774; x_wconf 90' lang='lat' dir='ltr'><strong>tarchus</strong></span> <span class='ocrx_word' id='word_1_285' title='bbox 393 3713 513 3768; x_wconf 82' lang='lat' dir='ltr'><strong>affirmat</strong></span> <span class='ocrx_word' id='word_1_286' title='bbox 531 3729 552 3765; x_wconf 92' lang='lat' dir='ltr'><strong>c.</strong></span> <span class='ocrx_word' id='word_1_287' title='bbox 571 3713 596 3766; x_wconf 83' lang='grc'><strong>4.</strong></span> <span class='ocrx_word' id='word_1_288' title='bbox 616 3713 749 3782; x_wconf 77' lang='lat' dir='ltr'><strong>exemplis</strong></span> <span class='ocrx_word' id='word_1_289' title='bbox 767 3730 785 3766; x_wconf 88' lang='lat' dir='ltr'><strong>a</strong></span> <span class='ocrx_word' id='word_1_290' title='bbox 801 3731 832 3767; x_wconf 90' lang='lat' dir='ltr'><strong>se</strong></span> <span class='ocrx_word' id='word_1_291' title='bbox 849 3712 964 3784; x_wconf 87' lang='lat' dir='ltr'><strong>prolatis</strong></span> <span class='ocrx_word' id='word_1_292' title='bbox 980 3714 1080 3768; x_wconf 82' lang='lat' dir='ltr'><strong>similia</strong></span> <span class='ocrx_word' id='word_1_293' title='bbox 1097 3713 1184 3768; x_wconf 85' lang='lat' dir='ltr'><strong>multa</strong></span> <span class='ocrx_word' id='word_1_294' title='bbox 1209 3715 1238 3768; x_wconf 86' lang='lat' dir='ltr'><strong>in</strong></span> <span class='ocrx_word' id='word_1_295' title='bbox 1256 3713 1304 3767; x_wconf 89' lang='lat' dir='ltr'><strong>eius</strong></span> 
     </span>
     <span class='ocr_line' id='line_1_35' title="bbox 266 3796 1304 3873; baseline -0.008 -15"><span class='ocrx_word' id='word_1_296' title='bbox 266 3802 375 3873; x_wconf 89' lang='lat' dir='ltr'><strong>scriptis</strong></span> <span class='ocrx_word' id='word_1_297' title='bbox 389 3796 559 3870; x_wconf 85' lang='lat' dir='ltr'><strong>deprehendi</strong></span> <span class='ocrx_word' id='word_1_298' title='bbox 573 3803 694 3850; x_wconf 88' lang='lat' dir='ltr'><strong>testatus.</strong></span> <span class='ocrx_word' id='word_1_299' title='bbox 715 3797 773 3851; x_wconf 87' lang='lat' dir='ltr'><strong>Sed</strong></span> <span class='ocrx_word' id='word_1_300' title='bbox 787 3799 993 3869; x_wconf 86' lang='lat' dir='ltr'><strong>componendae</strong></span> <span class='ocrx_word' id='word_1_301' title='bbox 1006 3807 1035 3854; x_wconf 84' lang='lat' dir='ltr'><strong>et</strong></span> <span class='ocrx_word' id='word_1_302' title='bbox 1046 3799 1199 3854; x_wconf 85' lang='lat' dir='ltr'><strong>struendae</strong></span> <span class='ocrx_word' id='word_1_303' title='bbox 1212 3799 1304 3854; x_wconf 87' lang='lat' dir='ltr'><strong>oratio·</strong></span> 
     </span>
     <span class='ocr_line' id='line_1_36' title="bbox 266 3881 1303 3955; baseline -0.009 -11"><span class='ocrx_word' id='word_1_304' title='bbox 266 3889 309 3944; x_wconf 90' lang='lat' dir='ltr'><strong>nis</strong></span> <span class='ocrx_word' id='word_1_305' title='bbox 327 3903 382 3941; x_wconf 92' lang='lat' dir='ltr'><strong>non</strong></span> <span class='ocrx_word' id='word_1_306' title='bbox 396 3884 481 3955; x_wconf 78' lang='lat' dir='ltr'><strong>magis</strong></span> <span class='ocrx_word' id='word_1_307' title='bbox 496 3899 575 3952; x_wconf 91' lang='lat' dir='ltr'><strong>qnam</strong></span> <span class='ocrx_word' id='word_1_308' title='bbox 584 3882 654 3936; x_wconf 83' lang='lat' dir='ltr'><strong>Cato</strong></span> <span class='ocrx_word' id='word_1_309' title='bbox 669 3883 773 3951; x_wconf 85' lang='lat' dir='ltr'><strong>peritus</strong></span> <span class='ocrx_word' id='word_1_310' title='bbox 787 3889 860 3948; x_wconf 90' lang='lat' dir='ltr'><strong>erat;</strong></span> <span class='ocrx_word' id='word_1_311' title='bbox 879 3901 906 3939; x_wconf 87' lang='lat' dir='ltr'><strong>v.</strong></span> <span class='ocrx_word' id='word_1_312' title='bbox 922 3884 978 3941; x_wconf 80' lang='lat' dir='ltr'><strong>cic.</strong></span> <span class='ocrx_word' id='word_1_313' title='bbox 993 3881 1044 3940; x_wconf 90' lang='lat' dir='ltr'><strong>0r.</strong></span> <span class='ocrx_word' id='word_1_314' title='bbox 1057 3884 1100 3950; x_wconf 83' lang='lat'><strong>70,</strong></span> <span class='ocrx_word' id='word_1_315' title='bbox 1115 3884 1196 3940; x_wconf 78' lang='lat'><strong>233.:</strong></span> <span class='ocrx_word' id='word_1_316' title='bbox 1216 3902 1270 3954; x_wconf 90' lang='lat' dir='ltr'><strong>qua</strong></span> <span class='ocrx_word' id='word_1_317' title='bbox 1279 3899 1303 3936; x_wconf 91' lang='lat' dir='ltr'><strong>re</strong></span> 
     </span>
     <span class='ocr_line' id='line_1_37' title="bbox 266 3964 1304 4039; baseline -0.011 -9"><span class='ocrx_word' id='word_1_318' title='bbox 266 3975 348 4030; x_wconf 88' lang='lat' dir='ltr'><strong>etiam</strong></span> <span class='ocrx_word' id='word_1_319' title='bbox 372 3969 477 4025; x_wconf 88' lang='lat' dir='ltr'><strong>Gellius</strong></span> <span class='ocrx_word' id='word_1_320' title='bbox 501 3966 551 4024; x_wconf 85' lang='lat' dir='ltr'><strong>xl.</strong></span> <span class='ocrx_word' id='word_1_321' title='bbox 571 3965 611 4020; x_wconf 78' lang='lat'><strong>13.</strong></span> <span class='ocrx_word' id='word_1_322' title='bbox 638 3964 812 4022; x_wconf 83' lang='lat' dir='ltr'><strong>artificiosius</strong></span> <span class='ocrx_word' id='word_1_323' title='bbox 836 3985 915 4038; x_wconf 89' lang='lat' dir='ltr'><strong>quarn</strong></span> <span class='ocrx_word' id='word_1_324' title='bbox 940 3987 991 4039; x_wconf 89' lang='lat' dir='ltr'><strong>pro</strong></span> <span class='ocrx_word' id='word_1_325' title='bbox 1019 3969 1068 4024; x_wconf 91' lang='lat' dir='ltr'><strong>illa</strong></span> <span class='ocrx_word' id='word_1_326' title='bbox 1092 3978 1187 4026; x_wconf 88' lang='lat' dir='ltr'><strong>aetate</strong></span> <span class='ocrx_word' id='word_1_327' title='bbox 1211 3975 1304 4024; x_wconf 80' lang='lat' dir='ltr'><strong>struma</strong></span> 
     </span>
     <span class='ocr_line' id='line_1_38' title="bbox 264 4050 1304 4136; baseline -0.012 -18"><span class='ocrx_word' id='word_1_328' title='bbox 264 4060 353 4118; x_wconf 80' lang='lat' dir='ltr'><strong>verba</strong></span> <span class='ocrx_word' id='word_1_329' title='bbox 374 4056 414 4111; x_wconf 88' lang='lat' dir='ltr'><strong>illi</strong></span> <span class='ocrx_word' id='word_1_330' title='bbox 431 4056 527 4125; x_wconf 84' lang='lat' dir='ltr'><strong>elapsa</strong></span> <span class='ocrx_word' id='word_1_331' title='bbox 548 4053 670 4106; x_wconf 89' lang='lat' dir='ltr'><strong>miratur.</strong></span> <span class='ocrx_word' id='word_1_332' title='bbox 681 4051 885 4136; x_wconf 65' lang='lat' dir='ltr'><strong>·Gracchanae</strong></span> <span class='ocrx_word' id='word_1_333' title='bbox 905 4055 1050 4110; x_wconf 85' lang='lat' dir='ltr'><strong>contiones</strong></span> <span class='ocrx_word' id='word_1_334' title='bbox 1072 4055 1156 4110; x_wconf 86' lang='lat' dir='ltr'><strong>etiam</strong></span> <span class='ocrx_word' id='word_1_335' title='bbox 1180 4050 1304 4110; x_wconf 80' lang='lat' dir='ltr'><strong>Frontoni</strong></span> 
     </span>
     <span class='ocr_line' id='line_1_39' title="bbox 261 4133 1329 4211; baseline 0 -13"><span class='ocrx_word' id='word_1_336' title='bbox 261 4145 359 4206; x_wconf 41' lang='lat' dir='ltr'><strong>veritas:</strong></span> <span class='ocrx_word' id='word_1_337' title='bbox 379 4159 406 4197; x_wconf 85' lang='lat' dir='ltr'><strong>v.</strong></span> <span class='ocrx_word' id='word_1_338' title='bbox 425 4157 489 4211; x_wconf 86' lang='lat' dir='ltr'><strong>epp.</strong></span> <span class='ocrx_word' id='word_1_339' title='bbox 505 4138 539 4195; x_wconf 95' lang='lat' dir='ltr'><strong>ll.</strong></span> <span class='ocrx_word' id='word_1_340' title='bbox 557 4137 580 4194; x_wconf 95' lang='lat' dir='ltr'><strong>l.</strong></span> <span class='ocrx_word' id='word_1_341' title='bbox 598 4135 635 4192; x_wconf 88' lang='lat' dir='ltr'><strong>ad</strong></span> <span class='ocrx_word' id='word_1_342' title='bbox 648 4133 691 4192; x_wconf 86' lang='lat' dir='ltr'><strong>M.</strong></span> <span class='ocrx_word' id='word_1_343' title='bbox 707 4137 855 4194; x_wconf 84' lang='lat' dir='ltr'><strong>Gaesarem</strong></span> <span class='ocrx_word' id='word_1_344' title='bbox 873 4149 901 4195; x_wconf 90' lang='lat' dir='ltr'><strong>et</strong></span> <span class='ocrx_word' id='word_1_345' title='bbox 918 4139 937 4196; x_wconf 93' lang='lat' dir='ltr'><strong>l.</strong></span> <span class='ocrx_word' id='word_1_346' title='bbox 953 4139 979 4196; x_wconf 72' lang='lat' dir='ltr'><strong>h.</strong></span> <span class='ocrx_word' id='word_1_347' title='bbox 997 4139 1033 4194; x_wconf 90' lang='lat' dir='ltr'><strong>ad</strong></span> <span class='ocrx_word' id='word_1_348' title='bbox 1045 4139 1214 4196; x_wconf 81' lang='lat' dir='ltr'><strong>Antoninum</strong></span> <span class='ocrx_word' id='word_1_349' title='bbox 1229 4141 1303 4209; x_wconf 76' lang='lat' dir='ltr'><strong>Aug-t</strong></span> <span class='ocrx_word' id='word_1_350' title='bbox 1328 4177 1329 4184; x_wconf 59' lang='lat'><strong>.</strong></span> 
     </span>
     <span class='ocr_line' id='line_1_40' title="bbox 267 4221 1329 4302; baseline -0.006 -18"><span class='ocrx_word' id='word_1_351' title='bbox 267 4221 888 4302; x_wconf 54' lang='lat' dir='ltr'><strong>qoindugustlnoPraethettpssiicapp.</strong></span> <span class='ocrx_word' id='word_1_352' title='bbox 963 4224 993 4280; x_wconf 88' lang='lat'><strong>71</strong></span> <span class='ocrx_word' id='word_1_353' title='bbox 1001 4225 1030 4294; x_wconf 84' lang='lat' dir='ltr'><strong>b)</strong></span> <span class='ocrx_word' id='word_1_354' title='bbox 1045 4226 1104 4284; x_wconf 79' lang='lat' dir='ltr'><strong>Gis.</strong></span> <span class='ocrx_word' id='word_1_355' title='bbox 1113 4223 1246 4292; x_wconf 72' lang='lat' dir='ltr'><strong>aranon,</strong></span> <span class='ocrx_word' id='word_1_356' title='bbox 1256 4221 1303 4282; x_wconf 80' lang='lat' dir='ltr'><strong>tot</strong></span> <span class='ocrx_word' id='word_1_357' title='bbox 1328 4245 1329 4302; x_wconf 63' lang='lat' dir='ltr'><strong>p</strong></span> 
     </span>
    </p>
   </div>
   <div class='ocr_carea' id='block_1_9' title="bbox 0 0 1344 4774">
    <p class='ocr_par' dir='ltr' id='par_1_9' title="bbox 0 0 1344 4774">
     <span class='ocr_line' id='line_1_41' title="bbox 0 0 1344 4774; baseline 0 0"><span class='ocrx_word' id='word_1_358' title='bbox 0 0 1344 4774; x_wconf 95' lang='lat' dir='ltr'><strong> </strong></span> 
     </span>
    </p>
   </div>
  </div>
 </body>
</html>
