2660 4776
233 411 327 484 12⁰
366 480 376 490 ,
413 405 561 480 BREVIS
583 401 882 488 ELOQUENTIAE
904 401 1007 472 boot.
1030 401 1140 472 uiso.

235 582 355 664 alpinae
374 581 542 663 praefectus
562 588 657 656 esset,
677 579 848 642 Placentiae
870 577 996 640 decessit
1012 573 1074 657 (⁸⁴).
1115 577 1274 659 Eloquendi

235 690 458 766 praeceptorem
490 681 624 746 Calidius
661 679 876 762 Apollodorum
908 681 1124 758 Pergamenum
1162 677 1275 740 eundem

236 785 364 863 Augusti
394 785 534 848 Caesaris
564 783 736 861 magistrum
763 781 866 842 babuit
887 775 942 858 (⁸⁵)
975 788 1019 856 et,
1052 798 1116 842 cnm
1147 779 1276 844 Ciceroni

236 885 441 948 familiaritate
468 886 583 946 iunctus
609 891 699 957 essct,
726 883 834 964 partim
862 883 949 944 etiam
978 883 1042 944 eius
1068 882 1146 944 uiam
1171 880 1276 942 exerci-

236 985 346 1048 tandae
370 985 561 1048 declamando
584 985 772 1064 eloquentiae
798 991 914 1045 secutus
936 991 989 1044 cst.
1031 983 1115 1044 Dixit
1138 982 1212 1042 enim
1237 981 1276 1040 iu-

238 1089 320 1167 genii
341 1086 497 1150 exercendi
519 1103 610 1148 canusa
632 1084 669 1146 de
690 1085 776 1146 domo
794 1085 945 1147 Ciceronis
963 1080 1024 1163 (⁸⁶).
1064 1082 1129 1146 Sed
1150 1097 1277 1145 serarum

238 1190 303 1250 cius
331 1195 382 1250 aut
404 1189 549 1250 actionum
579 1194 630 1248 aut
651 1185 852 1249 defensionum
878 1203 974 1266 paene
998 1185 1124 1246 omnium
1146 1183 1278 1244 memoria

237 1289 337 1370 periit.
368 1288 451 1352 Unde
473 1288 626 1368 desumpta
642 1287 699 1348 sint
718 1304 816 1367 pauca
830 1287 886 1348 illa
901 1288 1008 1361 uerba,
1029 1303 1106 1366 quae
1116 1285 1220 1346 Festus
1233 1279 1278 1360 (⁸³)

240 1390 304 1450 eins
327 1390 443 1450 nomine
464 1390 567 1462 babet,
594 1387 810 1450 incertum'est.
854 1387 1069 1467 delinquuntur
1096 1403 1205 1447 causae
1224 1393 1278 1445 tres

239 1507 313 1552 saue
334 1505 456 1566 grauem
486 1507 608 1569 quarum
631 1488 707 1550 duae
727 1495 824 1548 tumen
843 1489 1047 1566 ignotissimae
1068 1494 1144 1548 sunt.
1187 1487 1278 1549 Prima

241 1598 286 1652 est
312 1591 390 1652 aetio
417 1591 447 1651 in
473 1591 505 1660 Q.
532 1590 672 1658 culleum,
701 1587 737 1648 de
760 1604 819 1668 qua
847 1589 925 1650 baud
952 1587 1107 1650 mediocris
1137 1587 1278 1650 doctorum

242 1690 387 1754 dissensio
409 1691 465 1752 fuit
487 1699 515 1752 et
541 1687 726 1751 incertitudo.
770 1690 804 1766 Q.
828 1689 961 1752 Calidius
982 1689 1083 1750 Marci
1102 1696 1189 1768 pater
1209 1707 1228 1750 a
1248 1686 1278 1762 Q.

243 1791 342 1856 Gallio
371 1799 524 1854 accusatos
556 1799 584 1852 et
610 1789 761 1850 damnatus
790 1798 834 1851 est
852 1785 915 1869 (⁸⁸).
959 1789 1033 1850 lliue
1058 1788 1137 1850 filius
1161 1789 1279 1852 Gallium

240 1893 418 1972 postularit,
447 1891 577 1954 defendit
598 1899 695 1952 antem
716 1890 820 1952 Cicero
843 1898 901 1952 tum
923 1891 1092 1952 consulatus
1115 1889 1280 1950 candidatus

242 1999 272 2054 et
294 1995 432 2073 peruicit,
458 2001 490 2054 ut
512 1993 725 2054 absolveretur.
769 1991 829 2054 Sed
850 2009 909 2071 quo
938 1993 1057 2053 crimine
1080 1991 1197 2052 Gallius
1220 2007 1280 2051 reus

242 2101 325 2156 actus
345 2096 383 2156 sit
409 2113 468 2156 non
490 2093 615 2156 eflicitur
636 2111 673 2154 ex
693 2093 761 2154 loco
781 2092 959 2154 defensionis
982 2093 1210 2166 Ciceronianae,
1238 2091 1280 2171 qui

242 2193 318 2256 adeo
347 2195 460 2276 placuit
487 2196 559 2256 artis
587 2194 797 2274 scriptoribus,
828 2201 860 2254 nt
887 2193 1076 2256 multifariam
1105 2211 1142 2255 co
1171 2201 1281 2254 utuntur

242 2293 470 2356 demonstraturi
492 2294 639 2373 quomodo
666 2295 819 2372 sigillatim
846 2271 1166 2375 eapita'accusationis
1194 2315 1280 2378 apa-

242 2401 329 2456 trono
347 2393 497 2456 diluantur
508 2389 571 2472 (⁸⁹).
604 2393 664 2458 Sed
680 2394 857 2458 Seuerianus
872 2396 983 2457 indicat
998 2397 1046 2460 uel
1062 2398 1280 2478 repetundarum

243 2493 292 2558 rel
313 2495 438 2556 ambitus
461 2511 580 2556 oausam
601 2494 706 2569 fnisse,
736 2497 786 2575 qui
806 2498 945 2576 pecunias
967 2515 1019 2560 reo
1045 2499 1178 2560 obiectas
1198 2499 1280 2561 fnisse

244 2592 336 2657 dicat:
364 2612 454 2676 quae,
478 2596 504 2656 si
526 2613 616 2657 caussa
638 2596 762 2656 ambitus
785 2597 855 2672 fuit,
880 2597 1052 2660 distributae
1071 2599 1205 2675 buerunt,
1230 2618 1280 2661 non

244 2703 359 2776 captae.
410 2697 506 2776 Atque
535 2696 567 2757 id
597 2713 669 2758 sane
700 2703 825 2758 testatur
858 2699 944 2760 etiam
975 2701 1119 2762 Asconius
1139 2697 1202 2778 (⁹⁰).
1243 2701 1280 2762 lle

243 2813 356 2860 ueneno
375 2797 629 2878 eloquentissimus
646 2798 702 2858 fuit
716 2798 837 2872 Cicero,
861 2801 911 2878 qui
932 2800 996 2880 ipse
1016 2801 1047 2860 in
1059 2801 1153 2864 Bruto
1172 2803 1280 2883 exponit

244 2897 390 2978 quomodo
410 2898 443 2960 id
458 2900 567 2960 crimen
587 2898 724 2972 eluserit;
748 2899 838 2960 alium
854 2901 951 2960 locum
973 2902 1116 2977 orationis
1135 2904 1281 2980 Quintilia-

243 3016 299 3059 nus
320 3001 454 3074 retinnit,
476 3000 558 3060 cuius
579 2999 725 3080 interpres
747 2999 940 3080 Spaldingius
962 3009 1075 3064 ceteras
1098 3005 1162 3066 eius
1180 2997 1280 3067 'causae

243 3099 374 3162 rationes
404 3107 490 3162 acute
518 3099 659 3181 explicuit
678 3097 738 3179 (⁹¹).
786 3101 946 3164 Admistum
975 3105 1050 3164 enim
1078 3105 1210 3168 inuidiae
1236 3125 1279 3166 au·

244 3221 453 3235 ——1--1—1-1

315 3295 362 3362 84)
382 3296 462 3351 eaes.
475 3296 510 3351 Β.
526 3299 585 3354 Civ.
601 3298 621 3354 1.
634 3299 659 3353 2.
681 3298 781 3354 Euseb.
798 3299 832 3353 ad
848 3316 879 3352 a..
889 3299 964 3355 1960.
1050 3301 1098 3370 85)
1115 3304 1217 3361 Euseb.
1231 3304 1247 3357 1,
1259 3321 1277 3356 c.

244 3379 291 3446 86)
318 3380 432 3438 Quintil.
449 3381 484 3436 X.
506 3383 517 3435 l
527 3419 535 3448 ‚
553 3383 595 3438 23.
626 3383 659 3437 cf.
679 3383 837 3438 Markland.
855 3383 983 3457 Prolegg.
1004 3386 1039 3440 ad
1057 3388 1114 3444 Cic.
1132 3389 1222 3446 Orati.
1241 3389 1278 3442 ll'.

243 3482 272 3536 p.
283 3463 408 3548 vanl.
426 3465 468 3520 ed.
486 3467 574 3524 Wolf.
662 3467 707 3536 87)
726 3487 753 3522 v.
769 3467 867 3538 Sufes.
900 3470 1004 3525 Dubito
1021 3473 1142 3528 enimam
1161 3475 1277 3530 Gallicos

242 3549 281 3604 ibi
298 3549 471 3606 scribendum
488 3553 538 3619 sit,
558 3569 618 3606 cum
638 3561 728 3607 exstet
742 3552 912 3610 Caecilium.
1000 3555 1046 3625 88)
1064 3557 1121 3613 Cic.
1139 3559 1232 3615 Plano.
1245 3558 1277 3612 ll.

244 3630 325 3686 Verr.
336 3635 432 3688 Aecus.
444 3635 465 3690 l.
478 3636 525 3703 13,
535 3637 576 3692 38.
596 3647 624 3692 et
637 3639 674 3692 ibi
685 3647 859 3708 personatum
869 3641 1023 3697 Aesonium.
1111 3642 1159 3711 89)
1179 3641 1276 3703 Quintil.

244 3716 320 3771 vill.
333 3717 362 3782 3,
374 3719 416 3772 66.
452 3721 551 3801 Aquila
566 3740 593 3792 p.
609 3722 667 3776 144.
682 3723 790 3777 Ruhnk.
817 3724 986 3778 Severianus
1001 3743 1026 3796 p.
1039 3725 1099 3783 338.
1115 3729 1277 3802 Cappercnn.

245 3801 291 3869 96)
311 3803 411 3856 Asson.
430 3803 465 3856 ad
483 3821 523 3857 or.
541 3806 568 3858 in
586 3813 651 3878 toga
669 3809 790 3862 eandida·
802 3825 828 3877 p.
847 3807 882 3862 88
899 3806 986 3862 Orcll.
1073 3811 1119 3880 81)
1138 3815 1197 3869 Cic.
1213 3813 1276 3868 Brut.

244 3886 375 3954 edere
394 3888 534 3960 Spalding.
564 3891 599 3944 ad
623 3891 826 3950 Quintil-vrit.
844 3895 876 3959 γ3,
894 3893 936 3949 66.
973 3894 1008 3952 Q.
1030 3895 1168 3952 Calidium
1191 3910 1277 3969 patrem

245 3979 400 4028 accusatum
415 3991 476 4029 esse
493 3992 512 4027 a·
523 3974 615 4030 Lollio
636 3979 729 4032 neseio
746 3995 799 4048 quo
817 3987 915 4032 contra
926 3979 1091 4036 Menardum
1103 3983 1224 4052 probare
1236 3980 1278 4035 uult

242 4049 376 4114 Ernestus
394 4059 429 4114 ad
446 4076 489 4118 or.
509 4061 537 4113 in
551 4069 606 4132 tog.
620 4061 696 4117 cand.
716 4081 743 4134 p.
757 4063 831 4118 1053.
851 4064 1029 4138 omnibusque
1046 4067 1120 4136 apud
1135 4069 1279 4123 Ciceronem

245 4142 314 4197 loeis
332 4144 415 4198 Gellii
432 4161 532 4200 nomen
551 4147 646 4212 eximi,
673 4149 746 4217 quod
764 4155 855 4202 mmen
871 4150 1007 4204 mordicus
1024 4151 1146 4205 retinent
1162 4151 1279 4206 Asconius

247 4227 266 4281 l.
280 4244 303 4283 c.
323 4227 351 4282 ef
369 4229 414 4298 qui
429 4231 486 4285 eius
501 4231 611 4288 nomine
630 4233 818 4290 circumfertur
829 4233 1004 4288 Vestinorum
1022 4235 1169 4307 interpres.
1202 4235 1279 4303 ltaque
