2676 4774
467 455 763 528 PRAEFATIO.
1093 455 1142 528 vlt

92 635 179 693 mero
208 628 239 692 2.
269 626 416 694 indicavi.
465 625 496 693 ls
525 627 583 694 luit
611 625 785 698 carlmattr
814 623 1033 712 Bessarionis‚
1058 647 1142 696 nunc

90 747 125 810 iu
146 743 340 813 bibliotheca
359 744 397 812 D.
415 743 520 814 Marci
541 765 702 814 numerum
717 741 906 812 ccccxlx
926 751 1022 830 gerim
1044 764 1140 812 mom-

88 861 267 931 bronaceus
284 874 347 942 cst,
364 863 467 932 forma
481 866 633 943 maxima,
649 863 747 932 nitido
764 865 898 952 scriptus
915 863 1018 932 literis
1032 863 1140 930 latinis

90 981 132 1048 ad
155 982 389 1050 similitudinem
416 986 639 1070 impressorum
661 992 807 1050 accurate
830 982 1050 1062 conformatis,
1077 1001 1142 1070 qua

88 1099 128 1166 de
147 1119 247 1167 causa
264 1111 331 1166 arta
352 1099 581 1188 typographica
602 1102 731 1166 inventa
745 1102 951 1170 recentiorem
969 1119 1043 1168 esso
1057 1102 1141 1168 verl-

87 1218 205 1284 simile.
249 1216 317 1284 Sed
344 1217 623 1286 innumerabilibus
652 1218 774 1286 mendis
804 1238 874 1286 cum
901 1217 1047 1288 lectionis
1076 1228 1140 1286 tum

85 1341 264 1423 scripturae
280 1335 426 1402 foedatur
440 1345 470 1402 et
485 1335 642 1406 vocabula
656 1339 774 1405 nouitio
786 1356 873 1404 moro
892 1339 1010 1424 scripta
1022 1335 1138 1426 ubique

85 1464 250 1522 monstrat.
292 1453 423 1522 Praeter
440 1452 566 1522 Brutum
588 1457 683 1524 etiam
703 1454 804 1525 libros
827 1455 865 1524 tle
884 1451 1017 1524 Oratore
1033 1454 1140 1536 babet,

86 1593 167 1660 quos
198 1593 261 1640 non
287 1573 473 1640 examinavi.
522 1571 688 1660 Utriusque
713 1571 822 1642 Veneti
849 1575 973 1662 copiam
1001 1572 1137 1658 benigno

4 1673 9 1684 ’
86 1693 163 1759 lecit
183 1689 394 1758 bibliothecae
414 1689 600 1760 Marcianas
622 1692 800 1780 praelectus
818 1690 930 1760 Abbas
947 1690 1067 1770 Bettio,
1089 1691 1140 1760 vir
1198 1771 1209 1792 ι

86 1809 207 1894 insigni
232 1807 423 1877 humanitate
450 1811 610 1899 praeditus
637 1811 860 1898 omnibusque,
888 1812 942 1898 qui
965 1803 1138 1878 studiorulir

86 1947 215 1996 suorum
232 1927 404 1996 adiutorem
427 1933 544 2016 experti
564 1939 649 2008 suut,
668 1949 826 2018 nunquam
849 1931 928 1996 satis
948 1926 1137 1996 laudandus

170 2044 291 2112 Romae
308 2047 342 2112 iu
357 2043 553 2112 bibliotheca
567 2045 725 2114 Vaticana
742 2055 924 2114 asservatos
940 2044 1041 2112 libros
1057 2043 1138 2110 duos

87 2163 222 2242 contuli,
250 2161 362 2249 quibus
384 2162 466 2248 quod
494 2163 538 2228 uti
558 2164 711 2250 potuerim
731 2165 792 2230 uiri
814 2161 984 2230 clarissimi
1006 2158 1137 2231 Mezzo-

87 2284 174 2361 lauti‚
194 2283 247 2369 qai
264 2290 417 2348 tuucerat
431 2279 644 2350 bibliothecae
654 2281 844 2368 praefectus,
860 2300 942 2350 nuno
954 2277 1136 2348 cardinalis

87 2402 237 2487 dignitate
268 2404 396 2470 ornatus
411 2403 483 2478 est,
511 2398 751 2468 beneuolentiae
773 2410 934 2489 acceptum
953 2399 1074 2479 reform
1102 2399 1137 2466 in

54 2539 148 2606 gquo
180 2520 248 2590 viro
278 2528 379 2584 utrum
412 2519 515 2602 magis
544 2517 705 2586 doctrinae
737 2519 1060 2606 acprocrationem,
1094 2509 1136 2584 au

86 2637 308 2704 humanitatem
327 2656 414 2704 ames
437 2635 564 2704 titnctlc
587 2645 634 2704 est
657 2635 698 2702 ad
714 2637 888 2706 dicendum.
920 2635 1038 2704 Horum
1055 2633 1136 2700 alter

91 2758 260 2824 Vaticanus
281 2773 410 2822 numero
432 2754 525 2822 1720.
548 2755 705 2824 iudicatur
725 2753 839 2838 (Vct),
865 2755 1135 2832 membranaceus,

86 2876 189 2942 forma
221 2873 372 2950 maxima,
405 2872 513 2940 seculo
546 2870 616 2938 XV.
648 2892 708 2938 uec
739 2893 760 2939 a
790 2875 890 2960 perito
924 2881 1072 2940 exaratus
1105 2879 1135 2936 et

86 2995 213 3060 minime
245 3009 363 3072 magna
394 2991 594 3066 auctoritate3
628 2989 709 3054 alter
745 2989 977 3056 ottobonianus
1001 2984 1135 3070 (Ottob.)

84 3133 117 3178 u.
137 3107 250 3183 2057„
270 3105 373 3171 forma
388 3105 539 3184 maxima,
562 3103 835 3181 membranaceus,
856 3105 913 3174 illo
931 3105 1026 3192 longa
1041 3125 1134 3193 prae-

87 3227 222 3296 stantior
249 3233 280 3289 ct
306 3223 446 3310 proxime
474 3223 514 3290 ad
540 3221 651 3290 Veneti
678 3224 795 3311 prioris
825 3223 937 3292 laudes
968 3223 1133 3292 accedens.

88 3346 230 3434 Scriptor
251 3343 350 3419 euim,
373 3361 473 3428 aquo
496 3352 643 3410 exaratus
662 3352 711 3410 est
732 3362 762 3409 a.
786 3342 868 3410 1425
889 3363 946 3432 pro
963 3340 1134 3410 Francisco

87 3465 202 3532 Bossio
226 3462 374 3548 episcopo
397 3458 555 3541 (lumauo,
582 3461 684 3529 libros
707 3460 745 3528 de
768 3458 918 3540 Oratore,
946 3463 999 3548 qui
1021 3471 1051 3527 et
1073 3463 1134 3548 ipsi
1208 3547 1211 3553 Α

89 3604 128 3650 cn
150 3581 260 3650 codice
290 3582 500 3658 continentur,
527 3599 604 3646 ase
634 3579 874 3664 diligentissime
905 3587 1034 3646 exactos
1059 3577 1135 3644 dicit

90 3701 129 3767 ad
150 3699 240 3765 illum
253 3691 435 3764 ‘Lmtrtani
455 3697 570 3764 librum
592 3699 841 3786 antiquissimum
863 3699 983 3786 etipsa
1007 3707 1136 3784 aspectu

89 3817 308 3886 verecundiam
328 3827 511 3884 moventem.
548 3815 714 3890 correctus
733 3817 816 3884 liber
832 3816 885 3884 hic
906 3815 973 3884 illic
990 3826 1055 3894 cst3
1077 3815 1135 3880 scd

90 3946 248 4005 corrector
278 3932 457 4003 Laudeusis
489 3935 576 4002 illius
609 3939 793 4025 scripturam
820 3954 884 4002 non
909 3933 1024 4019 ubique
1055 3933 1135 3998 satis

89 4053 249 4122 intellexit.

172 4171 260 4252 Quos
284 4171 532 4252 Lammarsinas
556 4169 596 4236 ad
624 4169 849 4238 emendandum
871 4166 1056 4234 Ciceronem
1078 4165 1135 4230 ad-

90 4291 187 4360 bibuit
208 4278 344 4382 c'o'dioes⁸
360 4283 576 4364 Florentinos,
604 4306 709 4358 eorum
732 4306 806 4375 pars
827 4286 923 4373 longe
944 4281 1081 4354 maxima
1101 4282 1135 4346 in
