2676 4774
174 433 176 438 '
220 421 370 494 BRBVIS
391 419 689 506 rinocorurae
709 421 812 494 ROM.
834 421 943 494 bls't.
1072 426 1106 496 0

549 645 576 730 a.
599 647 629 710 a.

250 751 258 766 ’
375 733 436 816 Viri
454 760 549 816 diserti
569 761 665 817 aetatis
682 761 795 834 primae.

147 883 332 948 Discrtornm
367 885 455 948 huius
487 885 593 948 aetatis
623 886 771 948 hominnm
801 885 951 968 pertenuis
984 883 1023 948 ad
1052 903 1107 950 nos

69 988 196 1069 peruenit
226 985 376 1050 memoria
426 985 516 1065 Quis,
546 987 642 1068 inquit
672 987 717 1052 Μ.
750 986 866 1050 Tullius
898 987 929 1048 in
959 985 1038 1048 libro
1071 985 1108 1050 de

71 1089 155 1152 clanis
182 1087 353 1151 oratoribus
365 1083 433 1167 (¹⁸),
462 1105 522 1152 non
541 1095 624 1170 putet
643 1089 679 1152 L.
701 1088 824 1152 Brutum
844 1088 937 1150 inisse
958 1087 1107 1164 disertum,

68 1189 141 1270 quod
166 1190 289 1269 regibus
316 1189 411 1272 pulsis
438 1190 584 1254 ciuitatem
609 1189 727 1269 legibus
754 1189 1035 1272 magistratibusque
1056 1188 1108 1252 de·

67 1291 212 1354 uinxamti
236 1308 391 1372 possumus
418 1285 456 1355 L.
478 1289 629 1358 Valerium
649 1291 790 1367 Potitum,
819 1291 870 1372 poi
897 1299 964 1373 post
992 1290 1107 1354 decem-

48 1391 187 1457 uiralem
212 1391 351 1456 inuidiam
378 1392 494 1474 plebem
514 1393 664 1475 inpetres
684 1393 835 1456 incitatam
854 1392 972 1472 legibus
994 1393 1109 1456 contio·

64 1493 206 1574 nihnsm
232 1493 425 1574 mitigatoria
453 1501 483 1558 et
504 1502 771 1576 praesequantur.
814 1493 988 1576 Quanquam
1009 1495 1110 1575 legum

66 1594 250 1660 Valerianum
270 1595 301 1658 in
321 1597 377 1660 hac
397 1595 552 1675 mitigandi
571 1597 727 1679 provintia
747 1597 875 1660 maiores
896 1604 997 1678 partes
1019 1614 1109 1678 quam

14 1725 15 1740 2
66 1697 229 1760 corbanum
251 1696 377 1762 sumunt.
419 1697 453 1760 1n
467 1697 512 1762 Μ.
528 1698 665 1776 Valerio,
687 1715 772 1780 quem
794 1697 917 1762 dicendo
934 1683 1107 1760 seditionem

65 1798 93 1860 in
117 1805 217 1862 monte
243 1798 338 1862 Sacro
366 1798 486 1862 sedasse
514 1798 618 1864 Gicero
646 1799 749 1876 tradit,
776 1818 841 1864 enm
866 1800 969 1864 Liuius
997 1799 1109 1881 aliique

65 1898 272 1964 conlaudem
298 1901 453 1982 Agrippae
473 1901 613 1966 Menenio
637 1902 808 1978 tribuerint,
835 1919 895 1964 non
922 1902 1047 1978 amnuit,
1078 1907 1109 1964 ut

66 2021 120 2066 non
151 2003 243 2066 nullis
271 2001 365 2066 uisum
382 1997 450 2081 (¹⁹),
490 2001 543 2066 sed
574 2002 651 2065 alios
683 2003 805 2064 annales
837 2009 953 2066 secutos
982 1998 1057 2078 est(
1083 2003 1108 2080 ).

65 2104 158 2168 Etiam
184 2103 217 2167 G.
245 2103 414 2166 Fabricium
440 2104 484 2167 M.
506 2103 655 2184 Popilium
681 2104 725 2166 Μ’
748 2102 868 2166 Curium
890 2102 1046 2164 Dentatum
1073 2103 1107 2168 G.

63 2205 237 2270 Flaminium
262 2205 407 2268 homiuem
432 2203 603 2268 seditimnm
630 2203 667 2282 Q.
688 2203 812 2266 Fabium
833 2203 997 2268 Maximum
1023 2205 1109 2285 qnin-

65 2387 208 2460 collegium
223 2385 408 2440 Romanorum
424 2395 489 2442 ante
507 2385 655 2442 Caesarum
673 2393 805 2451 aetatem,
825 2402 879 2455 qua
897 2385 1031 2440 exstincta
1049 2394 1110 2440 erat

64 2467 241 2526 Etruscorum
266 2489 332 2542 gens
356 2480 384 2526 ct
410 2489 445 2526 ne
468 2489 559 2526 sermo
583 2471 691 2542 quidem
715 2481 870 2542 superstes3
896 2471 947 2525 sed
968 2471 1111 2542 disciplina

12 2603 13 2610 ,
64 2553 237 2627 haruspicum
255 2556 289 2609 ab
302 2558 425 2628 augurali
443 2557 538 2613 divelli
556 2575 611 2612 uon
625 2565 726 2630 potest,
745 2573 799 2627 qna
811 2555 927 2611 Romani
945 2573 1039 2612 carere
1053 2575 1109 2614 nou

12 2657 13 2662 ¹
64 2647 209 2711 poterant,
238 2641 302 2710 quio
325 2643 490 2697 cerimoniae
516 2659 610 2698 omues
636 2642 829 2713 reipublicae
854 2643 1007 2696 rationibus
1033 2661 1111 2716 rege·

63 2726 168 2782 bantur.
205 2725 237 2779 ld
262 2735 290 2780 et
308 2727 348 2780 Ti.
368 2727 487 2782 Gracchi
506 2729 625 2784 consulis
642 2727 770 2799 exemplo
794 2728 868 2798 apud
885 2727 941 2784 Cic.
960 2729 995 2782 de
1017 2729 1109 2786 Dicin.

63 2813 152 2870 1135.
179 2813 245 2868 Nat.
259 2813 345 2868 Deor.
357 2811 390 2868 11.
404 2815 428 2869 d.
443 2822 471 2868 et
482 2815 571 2869 Servii
586 2814 612 2866 iu
624 2815 693 2870 Aen.
706 2811 726 2867 1.
741 2813 801 2868 ihi.
824 2812 871 2868 111.
884 2813 943 2869 597.
963 2814 1036 2870 vul.
1049 2816 1108 2872 398.

63 2909 89 2956 et
102 2899 178 2954 Festi
191 2918 218 2970 p.
229 2897 288 2954 316.
303 2899 462 2953 testimoniis
475 2897 607 2964 efficitur,
627 2917 661 2952 en
676 2899 772 2966 quibus
784 2898 962 2968 perspicimus
981 2917 1017 2952 ue
1030 2901 1112 2955 urbes

62 2987 174 3056 quidem
203 2985 254 3036 nite
283 2984 380 3048 condi,
406 2983 490 3036 aedes
513 2984 630 3048 sacrari,
656 2983 743 3036 tribus
766 2990 794 3035 et
819 2983 955 3035 centurias
980 2983 1111 3050 distribui,

62 3071 202 3126 exercitus
223 3067 344 3120 ordinari
362 3069 485 3136 potuisse
504 3069 563 3119 sine
582 3065 714 3120 Etruscae
732 3065 889 3136 dIsciplinae
908 3067 1017 3130 notitia3
1036 3067 1111 3124 cuius

62 3158 127 3226 quia
152 3155 181 3206 iu
206 3152 320 3204 ostentis
343 3160 371 3204 et
393 3151 525 3222 prodigiis
547 3151 759 3222 interpretandis
778 3153 942 3222 praecipuus
962 3167 1024 3206 nsus
1043 3163 1112 3222 erat,

62 3239 258 3310 haruspicinae
268 3236 404 3292 vocabulo
422 3237 523 3307 quippe
539 3253 557 3289 a
569 3237 671 3308 potiori
685 3238 828 3292 commode
842 3237 947 3292 dicitur.
957 3267 992 3278 —
1009 3237 1113 3294 Mirum

63 3336 118 3393 cst,
144 3325 169 3380 si
186 3339 255 3378 vern
271 3331 349 3390 suut,
375 3339 445 3392 qnae
463 3321 498 3376 de
516 3331 678 3394 portentosa
694 3341 800 3378 morum
819 3323 893 3395 apud
910 3323 1042 3379 Etruscos
1065 3325 1113 3380 im·

63 3414 184 3482 puritate
206 3425 240 3463 ex
263 3408 445 3480 Theopompo
469 3408 549 3463 affert
570 3409 726 3465 Athenaeus
743 3409 804 3464 Xii.
829 3428 856 3482 p.
876 3409 934 3465 517.
954 3411 996 3478 d.‚
1019 3419 1112 3468 tantae

64 3498 134 3552 labis
161 3512 212 3567 per
237 3502 279 3548 tot
303 3493 396 3548 secula
424 3511 460 3548 ne
481 3495 626 3567 vestigium
653 3495 761 3567 quidem
784 3495 899 3548 Romam
926 3515 1111 3566 permanasse.

65 3581 230 3652 Quanquam
253 3597 323 3650 quae
340 3581 431 3633 statim
450 3579 484 3634 de
501 3581 690 3634 commuuione
708 3579 868 3635 seminarum
890 3581 964 3650 apud
980 3580 1112 3640 Etruscos

65 3675 91 3721 et
113 3667 150 3720 de
167 3681 245 3719 more
270 3663 395 3735 corporis
413 3665 533 3719 vehendi
551 3683 568 3718 a
585 3661 735 3736 Messapiis
757 3673 784 3720 et
803 3665 969 3720 Samnitibus
987 3667 1113 3737 gentibus

65 3767 201 3805 armorum
218 3767 267 3803 usu
284 3749 463 3804 dotatissimis
480 3759 591 3821 reperto
610 3750 683 3804 idem
700 3751 896 3823 Theopompus
912 3761 1005 3805 narrat
1025 3753 1112 3822 primo

65 3839 155 3892 statim
181 3836 274 3890 comm
297 3835 441 3890 mendacio
465 3835 559 3892 deberi
583 3837 684 3890 clarium
707 3847 758 3894 est.
800 3837 834 3893 V.
857 3837 992 3894 Niebuhr.
1019 3838 1052 3892 11.
1077 3839 1110 3896 R.

65 3923 121 3978 vol.
141 3921 161 3976 1.
184 3941 210 3993 p.
232 3922 288 3976 159.

136 4005 180 4075 18)
203 4006 259 4062 cte.
282 4003 363 4061 Brut.
390 4007 437 4072 11,
460 4007 503 4060 53.
591 4003 634 4075 lsi)
658 4007 782 4079 Burigny
805 4008 833 4060 iu
857 4007 1001 4062 Memoriis
1026 4007 1110 4062 Acad.

66 4093 151 4148 inser.
164 4091 251 4146 Paris.
264 4093 320 4148 voi.
330 4091 456 4147 XXXVI.
471 4109 498 4162 p.
509 4090 553 4146 35.
641 4091 688 4160 20)
706 4111 734 4148 v.
746 4091 880 4148 Niebuhr.
892 4091 960 4146 Hist.
973 4091 1007 4144 R.
1023 4091 1078 4146 voi.
1092 4091 1111 4146 1.

66 4196 92 4248 p.
109 4177 171 4234 boe.
206 4177 258 4231 Rei
280 4178 437 4234 memoriam
460 4183 573 4232 testatur
594 4178 737 4250 inscriptio
754 4177 884 4234 Arretina
901 4195 945 4250 ap.
978 4173 1112 4234 Orchiam

68 4263 123 4318 vol.
140 4263 159 4320 1.
178 4263 238 4320 535.
259 4280 286 4334 p.
307 4261 365 4319 lta.
