2660 4776
254 455 349 530 118
414 450 566 522 BRRVlS
584 447 885 535 abacorum
906 447 1011 518 bort
1032 447 1144 518 lllsr‘.

255 621 1302 712 semirame-memmingffiiuptimde

255 747 432 793 ιιιιοπι
454 725 712 810 sdipmoadern
727 727 901 791 lacnltnten
921 729 1056 790 uisisoe
1074 718 1299 802 ῐίἆωίπΰῐ).

339 829 433 906 Nune,
451 831 590 911 vonis·
607 847 729 892 mae
742 837 846 891 nostro
862 827 992 892 deducti
1008 845 1108 890 sunus
1118 825 1300 905 ὼῃαῐὶιε

254 930 408 996 ltonnae
433 931 552 1010 origiue
578 931 725 993 mutatus
753 931 941 992 ineramus
965 929 1047 992 eultu
1072 924 1301 1008 quarumdem

253 1033 351 1114 potuit
377 1033 521 1114 exposita
551 1048 606 1093 uec
635 1031 790 1094 oomilium
815 1032 957 1094 maus
985 1029 1219 1092 declamatorum
1244 1044 1302 1086 uu-

254 1133 386 1196 braticas
407 1132 574 1212 elegantius
594 1149 659 1194 cum
676 1131 767 1196 laude
788 1141 839 1194 aut
852 1131 1085 1214 reprehensione
1099 1125 1301 1210 persequendi,

255 1251 315 1316 quo
336 1232 423 1297 modu
446 1250 468 1294 a
486 1232 611 1312 lmtigio
636 1251 690 1296 sno
709 1232 894 1296 descenderit
911 1233 1081 1314 eloquentie
1097 1231 1205 1310 paneis
1220 1246 1302 1290 enar-

254 1335 396 1398 rnatum.
438 1332 615 1398 Decrerisse
642 1351 707 1396 eam
728 1343 757 1398 et
776 1335 921 1417 paulatim
941 1335 1115 1395 exstinctu
1135 1348 1204 1422 esse
1223 1345 1301 1390 ueno

255 1435 370 1498 dubitat
395 1432 502 1510 bodie,
528 1452 592 1497 (aum
619 1441 649 1496 et
678 1443 792 1498 exstent
815 1453 915 1517 pauca
936 1434 1066 1516 quiden,
1096 1431 1151 1493 sed
1170 1449 1212 1492 ex
1231 1429 1302 1492 omni

256 1535 374 1600 dicendi
389 1551 501 1614 genere
517 1544 702 1598 monumenta
718 1546 747 1599 et
761 1537 953 1618 locupletium
968 1544 1120 1598 nudorum
1128 1532 1302 1594 testimuma.

257 1636 320 1702 cnr
339 1636 371 1700 id
390 1635 501 1700 iactum
521 1637 560 1700 sit
579 1636 670 1698 facile
686 1637 766 1701 dictu
782 1647 827 1701 est
846 1639 878 1700 iu
892 1637 1039 1700 libertatis
1056 1633 1187 1718 quamuis
1201 1634 1303 1694 turbu·

254 1737 355 1802 lentae
376 1737 510 1814 damna,
531 1755 586 1800 nec
602 1738 740 1801 disertius
757 1739 816 1802 diei
830 1747 929 1821 potest
944 1757 1031 1820 quarn
1047 1739 1175 1818 scriptor
1192 1732 1302 1810 dialogi

256 1839 294 1902 de
320 1839 489 1903 oratoribus
517 1838 598 1902 lecit
640 1839 717 1902 Nam
745 1850 774 1903 et
791 1841 916 1904 libertas
937 1840 1040 1902 deerat
1061 1836 1217 1920 aperiendi
1238 1833 1302 1916 qnid

257 1941 382 2023 quiaque
411 1941 536 2003 sentiret
562 1948 591 2002 et
616 1941 788 2020 magnitudo
815 1942 958 2004 materiae
984 1949 1014 2002 et
1039 1940 1149 2002 idonea
1173 1937 1301 2019 praemia

256 2042 462 2124 eloquentibus
481 2041 553 2104 olim
565 2043 731 2124 proposita
761 2043 837 2106 Nam
854 2043 908 2104 snb
918 2045 1053 2121 Augusto
1071 2041 1188 2122 species
1205 2039 1302 2099 saltem

254 2143 401 2207 libertatis
420 2144 524 2224 eliqua
542 2143 692 2204 manebat:
709 2162 798 2225 quam
816 2145 933 2206 obrem
951 2151 979 2205 et
992 2143 1147 2204 literarum
1162 2139 1301 2222 wedam

253 2252 355 2328 partes
379 2244 419 2306 ad
438 2261 540 2306 raram
559 2244 770 2324 perlectionem
789 2253 908 2308 erectae
929 2252 996 2306 sunt
1017 2252 1046 2305 et
1067 2243 1202 2314 durarit,
1230 2255 1301 2321 quae

254 2343 373 2409 radices
392 2345 424 2410 iu
444 2344 510 2406 solo
531 2343 628 2408 bbere
650 2354 769 2425 egerat,
791 2346 961 2428 eloquentia
978 2345 1124 2408 Pollionis
1140 2341 1302 2407 Messallae

256 2444 393 2508 aliorum.
426 2445 601 2528 Quanquam
621 2448 653 2508 in
675 2449 814 2528 exiguum
835 2448 936 2510 orbem
958 2455 1062 2510 coacta
1082 2453 1127 2508 est
1145 2444 1302 2506 sententiae

255 2547 425 2610 senatoriae
439 2546 578 2610 libertate
594 2549 837 2630 contionibusque
852 2549 986 2611 sublatis.
1012 2549 1051 2610 At
1062 2547 1300 2628 quotusquisque,

255 2653 289 2711 ut
305 2647 404 2711 Taciti
420 2649 519 2714 serbis
540 2657 608 2712 utar
625 2645 697 2728 (⁶²),
726 2668 790 2712 curn
806 2651 957 2728 Augustus
979 2649 1118 2723 decessit,
1141 2651 1301 2729 supererat,

256 2747 308 2830 qui
324 2749 698 2832 rempublieamsidisset?
721 2751 760 2814 Et
776 2752 901 2814 saevitia
912 2743 1039 2826 Tiberii,
1056 2768 1144 2838 quam
1159 2747 1301 2828 siguificat

255 2847 387 2926 Seneca,
414 2868 479 2914 enm
506 2851 560 2914 sub
581 2854 717 2932 Augusto
741 2853 845 2914 miram
865 2852 959 2914 fuisse
978 2851 1119 2933 loquendi
1139 2850 1300 2912 libertatem

234 2964 239 2977 ¹
256 2948 328 3014 dicit
338 2945 409 3031 (⁶³),
432 2952 502 3034 quid
517 2955 619 3033 magni
637 2962 665 3018 et
680 2954 795 3017 bonesti
811 2954 983 3016 inviolatum
1000 2970 1065 3017 esse
1082 2951 1171 3014 sirit?
1193 2951 1222 3013 si
1239 2949 1298 3030 qui-

255 3046 323 3114 dem
339 3052 493 3116 Mamerco
508 3055 623 3118 Scauro
641 3073 745 3118 versus
764 3056 893 3136 suspecti
912 3061 1035 3136 propter
1049 3052 1298 3132 significationen,

256 3151 406 3218 Grcmntiu
429 3152 527 3217 Cordo
548 3155 634 3218 Bruti
655 3163 684 3218 et
700 3155 799 3220 Gassii
818 3155 923 3218 landes
945 3163 1012 3218 aute
1033 3172 1127 3216 anuos
1149 3153 1299 3232 sexaginta

254 3261 436 3316 mortuorum
454 3255 581 3316 exitiosa
593 3255 720 3318 fuerunt.
749 3255 788 3320 Et
803 3275 868 3319 oum
881 3259 943 3322 rita
957 3257 1054 3319 libera
1069 3254 1216 3318 sentiendi
1231 3271 1297 3336 quo·

255 3369 314 3434 que
331 3354 541 3433 ingenuitatem
554 3357 697 3438 paulatim
711 3359 874 3437 exstingui,
893 3366 925 3420 ut
941 3375 1015 3438 ager
1025 3357 1178 3420 deficiente
1189 3357 1296 3418 cultura

253 3453 424 3532 horrescat,
447 3455 592 3537 quianon
614 3458 778 3538 intelligit?
811 3461 973 3522 Praeterea
998 3477 1062 3522 cum
1083 3466 1173 3521 ancta
1192 3473 1294 3520 morum

255 3555 426 3638 corruptela
440 3575 599 3639 puerorum
616 3559 758 3623 ateueris
776 3559 911 3624 educatio
928 3560 1032 3626 vitiata
1042 3567 1101 3636 ost;
1118 3577 1173 3622 uec
1191 3558 1261 3622 casti
1271 3561 1295 3616 et

256 3670 365 3734 naues
383 3675 449 3719 ease
469 3666 607 3738 poteraut
628 3661 733 3742 quibus
754 3662 786 3724 in
802 3663 986 3728 servulorum
1005 3669 1033 3724 et
1049 3661 1159 3724 theatri
1173 3657 1292 3740 nequitia

257 3755 390 3818 enutritis
407 3758 535 3838 pessima
550 3761 681 3842 quotidie
698 3763 834 3844 exempla
850 3772 918 3826 ante
937 3763 1040 3828 oculos
1054 3761 1258 3827 versabantur.

341 3853 437 3920 Porro
467 3875 531 3940 cun
560 3861 677 3926 dicendi
696 3863 792 3926 studia
813 3864 920 3927 multos
942 3863 1058 3946 quidem
1083 3867 1252 3926 exercerent
1270 3863 1292 3918 et

255 3971 329 4038 prae
361 3958 466 4021 ceteris
497 3961 627 4025 illustria
656 3971 685 4026 et
710 3965 836 4028 honesta
863 3963 1046 4040 riderentur,
1081 3962 1134 4027 sed
1158 3963 1292 4031 idoneum,

259 4095 468 4112 *nu-

324 4184 371 4254 dl)
389 4185 444 4242 (ba
456 4186 534 4246 Brut.
548 4189 728 4266 76‚lbdsqq.
816 4195 864 4265 bl)
882 4193 947 4254 Tae.
959 4196 1029 4250 Aua.
1042 4191 1061 4248 l.
1074 4191 1098 4247 3.
1188 4190 1234 4258 dd)
1250 4187 1292 4240 St*

257 4283 327 4326 neca
344 4269 476 4332 controv.
494 4271 527 4333 ll.
548 4275 588 4332 lt.
606 4293 633 4350 p.
649 4279 705 4336 tat.
726 4280 769 4338 ed.
787 4278 852 4352 Blp.
