2660 4776
335 443 527 518 BRUTUS
556 444 647 518 GAP.
669 447 700 516 d.
722 449 752 516 7.
979 453 1069 530 1⁰³

53 609 140 678 habita
167 613 199 680 in
226 613 349 682 ciuitate
379 613 611 702 pulcherruma,
642 635 735 683 nemo
767 624 815 684 est
841 625 905 686 tam
930 617 1068 702 humilis,

53 732 145 814 quise
168 749 229 798 non
254 743 306 800 aut
331 752 426 820 posse
455 733 589 820 adipisci
617 743 670 802 aut
696 733 841 822 adeptum
865 746 964 825 putet:
999 737 1067 808 elo·

52 858 168 932 quentem
192 852 343 918 neminem
368 851 461 919 uideo
489 851 605 920 iactum
632 873 704 920 esse
730 855 873 922 uictoria.
922 855 980 924 sed
1005 877 1066 944 quo

51 964 152 1034 facilius
177 987 276 1036 sermo
304 969 489 1056 explicetur,
518 969 679 1048 sedentes,
707 973 735 1038 si
760 971 896 1051 uidetur,
924 991 1066 1059 agamus.

52 1079 208 1150 Gunidem
228 1085 399 1172 placuisset
420 1087 501 1165 illis,
530 1097 594 1154 tum
615 1089 649 1153 in
670 1087 793 1175 pratulo
813 1099 939 1178 propter
959 1089 1067 1160 Plato-

49 1200 85 1264 nis
108 1209 230 1270 statuam
258 1204 467 1272 consedimus.
514 1204 566 1270 25.
595 1203 655 1272 llic
686 1223 761 1290 ego:
795 1203 942 1274 Laudare
971 1211 1067 1296 igitur

50 1316 228 1403 eloquentiam
251 1332 281 1388 et
304 1333 420 1408 quanta
439 1325 489 1390 uis
512 1323 552 1390 sit
573 1324 641 1390 eius
658 1343 840 1411 expromere
858 1336 1065 1415 quantamque

49 1435 97 1513 eis,
116 1441 162 1522 qui
182 1441 243 1506 sint
260 1460 331 1508 earn
349 1442 525 1520 consecuti,
543 1441 730 1528 dignitatem
748 1441 859 1510 alienat
875 1464 977 1532 neque
992 1465 1066 1534 pro·

47 1555 155 1636 positum
173 1557 265 1626 nobis
284 1568 332 1624 ost
353 1557 414 1626 hoc
431 1558 503 1626 loco
525 1579 626 1646 nequa
648 1562 874 1630 necessarium.
910 1561 970 1630 hoc
987 1583 1064 1632 vcro

47 1671 99 1736 sine
113 1671 173 1740 ulla
188 1675 379 1744 dubitatione
398 1676 660 1758 confirmaverim,
683 1681 749 1746 siue
765 1679 823 1746 illa
842 1691 908 1748 arte
925 1683 1067 1769 pariatur

46 1787 131 1874 aliqua
150 1795 214 1860 siue
236 1795 461 1862 exercitatione
484 1797 620 1882 quadam
642 1798 708 1864 siue
729 1805 856 1876 natura,
884 1817 951 1866 rem
971 1817 1066 1866 unam

46 1924 100 1973 usse
120 1914 248 1978 omnium
267 1911 501 1980 difficillumarn.
536 1913 648 2001 quibus
664 1916 746 1982 enim
762 1935 801 1982 cx
818 1915 952 2001 quinque
969 1915 1065 1985 rebus

44 2037 163 2096 constare
180 2029 303 2109 dicitur,
322 2051 429 2098 aarum
445 2051 652 2117 unaquaeque
669 2041 717 2097 est
734 2051 787 2096 ars
802 2033 1067 2120 ipsamagnaper

42 2160 106 2209 sose.
145 2167 239 2234 quare
265 2151 399 2236 quinque
422 2151 534 2216 artium
556 2167 727 2215 concursus
748 2151 952 2218 maximarum
967 2169 1065 2236 quau

41 2267 88 2326 tan
101 2267 158 2332 uim
175 2277 384 2354 quantamque
402 2267 613 2334 difficultatem
632 2266 749 2336 habeat
765 2269 937 2334 existimari
952 2278 1064 2356 potest.

106 2381 166 2452 Vll.
187 2387 241 2454 26.
266 2383 372 2452 Testis
395 2395 443 2452 est
465 2385 615 2466 Graecia,
650 2406 745 2473 qnae,
774 2407 842 2454 cum
866 2385 1064 2473 eloquentiae

40 2498 122 2566 studio
152 2505 191 2572 sit
219 2505 355 2570 incensa
380 2505 558 2592 iamdiuque
586 2505 722 2573 excellat
747 2507 780 2572 in
807 2526 846 2571 ca
866 2516 1064 2594 praestetque

39 2620 145 2698 ceteris,
165 2631 273 2687 tamen
294 2623 394 2688 omnis
417 2625 493 2688 artis
513 2611 701 2693 uetustiores
719 2623 814 2689 habet
832 2634 862 2688 et
877 2624 972 2690 multo
992 2635 1064 2690 ante

39 2751 86 2798 uon
104 2740 244 2805 inventas
268 2738 385 2815 solum,
409 2741 466 2805 sed
487 2743 582 2806 etiam
602 2741 777 2827 periectas,
800 2760 893 2826 quam
914 2741 993 2806 haec
1016 2751 1065 2807 est

38 2849 204 2939 [aGraecis]
217 2855 519 2926 elaboratadioendi
535 2859 585 2924 uis
602 2867 693 2944 atqua
715 2857 816 2944 copia.
844 2855 1064 2942 inquantum

82 3073 112 3116 ib.
137 3073 233 3126 labent]
247 3073 353 3116 habeant.

81 3141 110 3184 lb.
136 3154 151 3184 a
168 3141 277 3197 Graecis]
293 3143 343 3184 siue
357 3141 429 3184 unus.

34 3317 111 3382 0ttob.
122 3329 183 3387 Vat.
195 3358 233 3370 -
252 3333 305 3400 qut
317 3329 389 3398 siut]
408 3330 448 3384 sic
462 3326 505 3382 eti.
519 3343 559 3397 pr.
575 3334 603 3382 et
615 3326 694 3384 codd.
708 3335 819 3400 praeter
829 3323 881 3384 Gu.
890 3326 917 3384 l.
933 3323 1000 3382 Par.
1012 3323 1063 3390 Da

32 3405 67 3462 alii
82 3420 151 3469 suaa
173 3445 205 3456 -
231 3413 289 3471 luae
307 3415 386 3484 uera]
407 3411 645 3486 decapolim.
664 3443 699 3454 -
728 3411 976 3510 confirmabam-im]
995 3425 1063 3464 aaa·

29 3539 113 3607 strum
125 3553 190 3606 ueri
202 3549 257 3622 Lg‘.
270 3567 348 3622 pars3
366 3551 394 3604 in
409 3549 481 3607 Van.
493 3549 516 3606 l.
532 3552 662 3622 scriptum
677 3509 937 3617 confermentans.
948 3574 984 3585 —
1003 3547 1064 3600 aiae

30 3625 84 3698 illa]
103 3637 162 3688 siae
179 3635 244 3690 ulla
259 3634 309 3708 Lg.
325 3637 349 3692 Β.
365 3637 401 3691 20
414 3653 485 3690 corr.
505 3635 548 3689 39.
564 3637 605 3689 51.
622 3633 664 3686 58.
689 3632 760 3686 ven.
776 3633 797 3688 l.
822 3631 874 3686 Gu.
892 3631 914 3685 l.
928 3659 963 3670 -
983 3629 1064 3702 diffi-

30 3713 181 3790 cillumam]
200 3721 241 3774 sic
252 3719 302 3792 Lg.
317 3721 342 3776 8.
356 3723 398 3775 51.
434 3721 507 3776 Mox
523 3735 737 3774 maxumarum
751 3715 803 3790 Lg.
816 3716 842 3772 8.
866 3713 937 3770 Van.
959 3711 1016 3771 ou.
1029 3745 1062 3757 —·

29 3791 134 3872 lubeat]
152 3805 233 3871 libri,
251 3815 281 3859 ut
294 3807 417 3874 videtur,
436 3824 532 3862 omnes
550 3801 695 3868 babeant,
715 3803 788 3874 quod
805 3804 909 3874 primus
926 3819 985 3856 curn
1003 3819 1063 3856 cor-

27 3887 132 3942 rexisset
148 3889 316 3956 Lambinus,
336 3907 425 3963 nuper
443 3909 535 3948 rursus
553 3889 657 3962 placuit
674 3885 809 3960 Meyero,
835 3887 878 3942 cui
895 3883 1065 3952 Bernhardy

27 3963 78 4022 iure
95 3973 196 4029 obiecit
212 3975 319 4046 plurale
339 3993 498 4032 concursus
515 3991 572 4029 non
584 3973 672 4029 videri
689 3973 741 4028 dici
760 3972 795 4026 dc
809 3971 905 4026 artium
921 3967 1063 4022 societate.

84 4089 142 4148 vu.
178 4091 224 4149 aa.
262 4095 370 4162 omnus]
389 4093 429 4150 a:
447 4093 496 4165 ug.
518 4103 631 4160 annu,
650 4089 721 4147 usn.
741 4087 764 4144 1.
781 4063 887 4142 'otton
904 4081 949 4146 au.
968 4097 1011 4152 pr.
1027 4105 1063 4122 ·-

28 4185 43 4222 α
61 4171 195 4246 Graecis]
214 4179 292 4232 uncis
309 4178 405 4232 inclusi
423 4195 484 4232 cum
500 4176 620 4248 Meyero
636 4176 740 4230 illatum
758 4179 858 4245 putans
875 4185 912 4226 cx
927 4163 1063 4236 marglueq

24 4270 73 4314 aaa
90 4262 166 4332 quod
178 4263 331 4335 praecedat
348 4261 648 4328 assuescamus,
665 4277 729 4317 nun
744 4258 897 4316 alanorum
909 4248 1065 4320 nominibus

788 4361 857 4426 ll*
968 4404 972 4407 -
