2674 4776
243 340 750 432 155555555555555.
774 365 823 434 17.
848 365 918 432 ns..
994 365 1089 442 ono

51 535 170 600 debebet
185 540 278 598 555115
298 543 393 616 optior
414 543 443 600 ot
456 537 542 599 5555
558 541 714 617 composito
731 547 757 598 et
774 541 1068 617 ouudcoopooentnto
1076 563 1087 616 3

49 655 110 700 nem
131 646 214 700 reste
236 638 446 720 compositione
463 648 534 717 opto
554 640 574 702 i.
597 657 623 702 e.
639 639 767 702 rotunde
785 645 813 700 et
830 641 1088 720 comprehensione

48 739 104 802 siue
132 732 282 824 περιόδῳ
310 739 409 804 uincto
438 741 535 803 oratio
563 743 703 809 nuscitur.
748 741 810 806 Cic.
840 741 892 804 05.
921 743 980 816 71,
1009 743 1086 806 235:
1217 733 1229 755 '

46 840 157 912 futilius
173 849 214 900 ess
233 850 302 918 opto
319 841 480 910 dissolvere,
497 861 582 918 quom
599 843 738 924 dissipato
751 852 917 904 connectere.
951 844 1002 916 70,
1014 845 1086 906 233.

46 939 183 1012 eliciuntur
208 949 307 1018 551555
326 939 412 1010 illud,
442 941 516 1018 quod
539 942 626 1014 morit
647 953 732 1004 ootou
754 943 888 1018 ditiores
908 951 935 1002 et
955 943 1086 1006 solotoos.

44 1039 114 1103 Hinc
126 1040 313 1122 rnuopdides
330 1041 458 1120 scriptor
473 1041 565 1108 oeno
583 1051 667 1120 optus
681 1052 804 1110 uocetur
814 1043 851 1108 de
862 1045 913 1107 0r.
924 1043 961 1106 11.
975 1046 1023 1120 13,
1035 1044 1086 1108 56.

44 1149 69 1202 ot
96 1143 211 1206 medius
231 1140 347 1204 11555511
367 1140 469 1202 modus
491 1147 795 1224 scopulosscopulos
817 1145 999 1222 Quintiliano
1020 1144 1086 1208 XII.

43 1244 89 1317 10,
108 1245 161 1308 60.
192 1243 288 1307 Plone
306 1241 424 1312 diuerso
440 1249 485 1304 est
503 1243 600 1305 555115
616 1263 766 1306 commone
781 1245 844 1309 (lio.
864 1246 914 1310 Or.
932 1243 990 1320 54,
1009 1247 1087 1310 1815
1159 1296 1162 1300 .

40 1343 155 1416 mnne,
178 1345 254 1422 qnod
275 1343 428 1402 5115115515
449 1346 577 1402 motione
596 1363 789 1418 numerosum,
811 1347 842 1405 id
858 1355 1086 1407 ommutescere

41 1441 70 1521 (1.
90 1462 117 1506 e.
138 1443 264 1526 pedibus
280 1459 434 1506 numerose
449 1441 619 1508 cadentibus
636 1447 799 1510 coniunctis
812 1465 840 1512 u.
859 1447 911 1510 05.
927 1448 979 1522 49,
999 1445 1085 1527 164.)

42 1544 283 1619 5155155555,
311 1563 350 1602 oo
378 1547 465 1603 etism
489 1545 533 1604 ool
554 1529 753 1624 compositione
776 1547 901 1626 qondam
922 1548 968 1608 ool
987 1567 1086 1624 penore

41 1627 193 1706 oenortou.
234 1643 282 1708 nb
314 1653 385 1721 opto
415 1649 542 1704 55511555
569 1645 758 1724 distinguitur
781 1649 869 1708 etiarn
895 1657 961 1725 opto
984 1649 1086 1708 cudens

42 1745 59 1806 i.
79 1763 104 1808 e.
126 1762 283 1808 numerose
303 1743 395 1812 linito.
435 1743 634 1820 0515111111.
655 1748 693 1821 4,
715 1748 770 1808 32:
799 1751 848 1825 qut
869 1744 957 1824 (ordo
978 1747 1087 1810 serbo-

42 1845 113 1924 rum)
134 1852 163 1908 si
186 1851 306 1908 51115555
329 1855 386 1917 est,
416 1846 479 1906 licet
500 1853 527 1904 et
547 1849 643 1906 515515
663 1851 701 1906 stt
722 1855 750 1906 et
771 1855 838 1925 opto
858 1847 962 1908 oudone
982 1853 1086 1920 555115,

42 1955 129 2010 tumeo
150 1952 252 2009 merito
272 1950 459 2025 incomposito
481 1947 601 2015 dicolos.
643 1947 719 2010 Hinc
738 1965 918 2008 numerosum
942 1947 963 2010 i.
988 1964 1014 2009 e.
1036 1966 1086 2012 so·

41 2057 170 2128 nentem,
199 2055 228 2112 et
255 2057 354 2127 opsono
382 2049 403 2110 i.
431 2063 457 2109 e.
487 2048 747 2128 comprehensione
774 2048 901 2114 uinctam
923 2049 1086 2122 orationem

42 2147 150 2222 Cicero,
164 2150 312 2232 componit
333 2149 385 2216 Or.
407 2149 464 2224 50,
489 2149 567 2216 1685
588 2137 655 2227 on'po
676 2159 703 2210 et
723 2151 754 2210 nt
774 2153 962 2209 monetent
983 2154 1087 2226 eopoiti

42 2249 145 2333 (podes
177 2245 307 2316 suaviter
338 2247 491 2330 cedentes)
521 2260 548 2312 ot
575 2269 663 2328 penus
689 2251 762 2310 illud
787 2253 901 2310 15511555
931 2251 1087 2329 sopirentur

42 2355 118 2429 oculo
144 2359 201 2426 sit,
229 2371 395 2414 emmenosoe
422 2360 448 2410 et
476 2359 561 2430 upton
589 2356 745 2438 5557155155
773 2351 794 2414 1.
816 2369 842 2413 e.
872 2352 1016 2415 motionis
1043 2353 1116 2416 itu'

42 2462 137 2534 eptae,
171 2461 204 2516 ut
233 2453 508 2534 comprehensiones
533 2469 690 2516 numerose
718 2452 871 2530 15155155,
903 2472 941 2517 nc
968 2453 1087 2520 hiulcas

41 2555 108 2631 sint,
137 2571 180 2618 ne
202 2554 381 2630 claudicent3
406 2561 434 2618 et
454 2554 651 2632 Quintilianus
670 2553 724 2620 IX.
745 2556 784 2631 4,
808 2557 857 2618 17.
884 2556 1087 2620 felicissimum

43 2673 199 2722 sermonem
227 2655 310 2732 dicit,
340 2656 388 2718 cni
413 2664 440 2720 cl
467 2665 560 2716 recino
586 2657 654 2716 ordo
683 2665 710 2714 ot
730 2665 801 2733 opto
821 2659 954 2716 tonuere
975 2667 1000 2716 et
1023 2677 1086 2716 ocos

42 2757 80 2818 tie
99 2778 235 2820 5555555
256 2767 409 2836 opportuno
431 2758 535 2816 ondens
557 2755 722 2832 contigerit.
767 2751 968 2832 Gumponendi
992 2762 1086 2818 ortem

42 2861 224 2924 enecerilnus
247 2859 368 2924 Graecis
389 2858 411 2920 i.
434 2874 459 2918 e.
483 2857 534 2938 qui
555 2862 623 2917 ante
643 2855 802 2916 Isocratem
824 2851 957 2927 fuerunt,
980 2851 1085 2917 Gicsro

42 2961 187 3034 sliudiont
212 2979 272 3024 non
291 2961 339 3022 hio
361 2957 462 3032 modo,
491 2955 544 3019 sed
565 2955 652 3017 etiam
670 2955 702 3016 iu
723 2953 851 3016 Oratore
874 2969 899 3035 5.
922 2951 973 3016 50.
998 2955 1087 3031 168.;

42 3079 187 3128 numerum
206 3061 315 3126 ibidem
336 3060 496 3138 so‚1ss.;
516 3065 672 3139 unumque
694 3054 882 3123 dissentiente
902 3051 1084 3130 Quintiliano

41 3163 224 3242 01410.
540 3195 542 3200 ·

119 3269 172 3330 69.
215 3265 327 3342 sermm]
359 3264 503 3330 Grneuum
530 3251 682 3345 σχήματα
709 3257 802 3346 latine
830 3255 968 3320 reddidit.
1011 3255 1086 3320 Nem

40 3363 145 3441 risuros
164 3366 239 3430 dixit
259 3373 343 3428 setes
363 3363 526 3446 posterior,
547 3380 606 3424 non
628 3361 748 3427 Gioero:
768 3379 796 3424 5.
820 3359 853 3424 G.
875 3359 916 3432 Il,
929 3359 1084 3422 Hermann.

42 3465 76 3526 ud
96 3468 220 3530 Lucium.
244 3467 281 3529 de
300 3467 374 3530 Hist.
398 3466 519 3530 Gonnos.
540 3483 570 3546 p.
592 3465 664 3526 272.

117 3568 243 3636 xvim·
269 3571 320 3632 70.
365 3568 501 3645 0555511]
532 3566 687 3630 Genucius
708 3561 863 3641 Sicyonios
884 3561 984 3626 nonnis
1006 3561 1087 3626 circe
1115 3603 1119 3609 -

41 3667 159 3746 51.70.;
176 3669 259 3733 rudis
278 3669 341 3730 eius
359 3687 409 3730 ors
424 3669 456 3730 in
471 3667 629 3730 simulacro
639 3663 787 3745 Apollinis
800 3658 954 3744 Didymnei
970 3671 1087 3745 speeta-
1117 3731 1120 3738 ,

38 3767 139 3847 notun
163 3773 291 3832 colomis
312 3771 393 3833 circu
410 3770 450 3834 ol.
465 3771 517 3833 80.
532 3768 623 3831 sirit:
644 3785 672 3829 5.
688 3765 796 3829 Muell.
811 3767 969 3830 Arohneol.
988 3767 1015 3851 5.
1034 3769 1085 3828 92.

41 3871 108 3934 112.
139 3872 293 3952 insidior.
321 3873 352 3934 in
379 3871 467 3934 cotul.
496 3868 575 3932 ortis.
603 3866 626 3928 1.
654 3884 678 3930 5.
723 3865 1087 3946 QuanquamGouaolmm

38 3971 152 4036 Plinius
171 3973 208 4036 11.
230 3972 266 4036 N.
288 3973 425 4037 XXXIV.
447 3973 477 4034 8.
504 3967 664 4050 olympiadi
684 3967 735 4032 59.
756 3967 899 4044 assignet.
934 3963 1086 4027 Ciceronis

38 4072 110 4138 hoec
132 4076 263 4138 imitatus
286 4075 483 4154 Quintilianus
504 4068 569 4134 XII.
582 4069 648 4145 10,
671 4072 701 4132 7.
740 4063 893 4130 Gollonem
914 4072 1010 4127 temen
1031 4079 1086 4144 pro

40 4175 182 4244 Genucio
204 4177 350 4255 nominet,
373 4182 431 4240 aut
447 4170 580 4238 consulto
603 4177 654 4234 551
676 4169 833 4232 memoriae
851 4166 934 4232 uitio.

833 4282 876 4347 23
