2676 4774
273 439 339 512 62
428 429 577 501 BREVlS
598 422 897 510 ELOQUENTIAE
918 423 1022 495 ROM.
1044 423 1155 495 uisu.

272 609 420 693 principes
447 612 476 667 et
496 603 631 682 collegas
658 598 870 664 intercedentes
892 600 923 664 ui
943 599 1100 680 pepulerat
1122 606 1151 662 et
1173 597 1308 675 effecerat,

271 719 304 773 ut
321 707 431 788 Gaepio
453 707 485 767 in
506 705 641 770 exsilium
664 705 812 783 ageretur.
855 701 931 764 llinc
951 701 1113 762 maiestatis
1134 719 1206 762 reus
1227 701 1309 762 lactus

272 831 292 874 a
311 811 346 873 P.
369 807 503 889 Sulpicio
525 805 603 869 Rufo
625 812 685 866 tum
705 805 871 866 tirocinium
893 802 1079 883 eloquentiae
1099 809 1245 882 ponente,
1269 801 1309 863 sed

272 913 310 974 ab
328 911 471 984 Antonio,
501 909 548 970 cui
570 914 710 988 quaestor
731 903 801 966 olinr
822 903 936 976 fuerat,
961 903 1120 964 imminenti
1141 902 1309 964 damnationi

272 1017 390 1094 ereptus
423 1016 476 1072 est.
526 1007 619 1084 Quam
652 1004 760 1067 callide
790 1006 821 1066 in
854 1021 945 1067 causa
977 1003 1086 1066 tuenda
1115 1011 1253 1068 uersatus
1283 1003 1309 1064 sit

270 1113 366 1195 ipsum
394 1111 492 1173 multis
513 1109 611 1173 uerbis
634 1113 826 1188 exponentem
846 1105 919 1167 lacit
940 1103 1045 1166 Gioerc
1075 1105 1106 1165 in
1127 1103 1258 1182 dialogis
1283 1104 1308 1164 le

272 1217 399 1278 Oratore
412 1207 474 1291 (⁷⁵).
511 1211 587 1272 Aeta
608 1226 700 1270 causa
722 1226 750 1269 a.
765 1209 829 1270 660
850 1206 883 1270 G.
900 1205 1004 1269 (laelio
1027 1205 1080 1268 Gn.
1096 1203 1228 1268 Domitio
1250 1223 1308 1267 oon-

272 1314 385 1378 sulibus
407 1320 436 1374 et
457 1311 628 1374 Ciceronem
654 1325 776 1389 puerum
802 1307 932 1369 fortasse
958 1305 1122 1368 anditorem
1149 1306 1266 1380 labarit,
1291 1305 1308 1364 si

272 1413 388 1496 quidem
410 1411 505 1474 adhuc
525 1410 704 1492 praetextati
723 1410 754 1470 in
772 1409 868 1470 iorum
885 1415 914 1469 et
932 1408 1043 1470 curiarn
1058 1407 1143 1468 ibant
1157 1405 1308 1468 dicentibus

273 1513 480 1578 auscultaturi:
499 1511 578 1593 quod
592 1510 628 1572 de
645 1527 677 1572 se
695 1516 773 1572 certe
785 1507 888 1571 Crassi
901 1509 1037 1570 auditore
1052 1507 1105 1569 ille
1118 1513 1242 1570 testatur
1253 1503 1307 1585 (⁷⁶).

272 1615 357 1694 Quae
383 1615 499 1675 iunctae
528 1629 591 1674 cum
617 1611 685 1673 aliis
708 1611 805 1672 causis
828 1609 865 1670 ab
888 1611 1016 1672 Antonio
1039 1607 1124 1670 dictis
1147 1625 1307 1670 conmemo-

271 1724 375 1778 rantnn
405 1714 458 1778 Gn.
484 1714 585 1776 Mallii
612 1720 640 1774 et
661 1712 696 1789 Q.
719 1711 830 1775 Marcii
850 1709 943 1789 Regis
971 1729 991 1770 a
1017 1727 1075 1770 non
1102 1709 1193 1770 nullis
1219 1716 1308 1788 partes

272 1817 416 1880 orationis
442 1815 651 1879 Norbauiauoe
678 1813 823 1876 habentur
839 1808 904 1890 (⁷⁷).
952 1810 1013 1874 Sed
1038 1811 1216 1873 uocabulum
1242 1829 1308 1868 ocat-

270 1921 461 1976 saiserctioaia
485 1917 602 1996 utrique
629 1913 788 1994 separatim
813 1913 965 1986 tributum,
996 1911 1076 1991 quod
1101 1911 1308 1992 perorationem

272 2037 296 2080 s.
325 2013 481 2098 ἐπίλογον
508 2017 674 2078 orationum
700 2013 861 2093 siguificat,
890 2013 1069 2075 eontrarium
1097 2021 1237 2092 arguunt:
1261 2012 1307 2074 nisi

271 2120 337 2200 quis
358 2119 433 2178 attus
454 2117 683 2191 mensurabiles,
712 2133 786 2196 quas
809 2113 945 2194 deiuoeps
971 2111 1063 2176 uerbo
1084 2114 1181 2192 tangit
1204 2113 1323 2185 Cicero„

269 2221 353 2299 ipsas
378 2235 496 2298 quoque
518 2217 653 2278 dictionis
674 2233 731 2296 pro
749 2215 890 2278 Norbano
911 2221 1012 2294 partes
1035 2231 1100 2275 esse
1120 2215 1198 2289 uult,
1219 2222 1252 2276 ut
1271 2215 1307 2273 in-

270 2321 370 2382 linitae
388 2318 590 2379 -rnultitudinis
617 2317 649 2378 in
675 2335 734 2378 una
756 2333 847 2378 causa
868 2325 1009 2398 patronus
1033 2317 1185 2380 exstiterit.
1227 2315 1307 2392 begis

271 2437 364 2482 causa
389 2420 493 2497 ignota
516 2423 573 2492 est,
603 2435 656 2480 nec
678 2419 832 2499 quisquam
854 2419 917 2480 eius
939 2419 1063 2480 nominis
1084 2419 1131 2482 uir
1153 2437 1172 2478 a
1194 2417 1322 2480 Cimbris

269 2520 348 2584 uinci
374 2520 481 2599 potuit,
509 2536 594 2600 quern
621 2519 658 2580 ad
686 2519 801 2581 modum
824 2518 936 2601 Gaepio
959 2527 988 2582 et
1006 2519 1131 2583 Mallius
1151 2520 1222 2582 uicti
1243 2524 1305 2579 sunt.

269 2622 422 2684 Postremo
445 2620 602 2695 Antonius,
629 2627 661 2681 ut
683 2631 781 2682 omnes
807 2620 872 2682 fere
896 2621 952 2682 illa
973 2628 1069 2682 aetate
1091 2621 1218 2683 ciuitatis
1236 2621 1321 2701 prin,

271 2722 366 2802 cipes,
392 2739 448 2801 pro
476 2738 507 2782 se
534 2721 609 2782 dixit
638 2721 707 2799 lege
727 2721 835 2795 Varia,
862 2722 893 2782 in
922 2741 981 2802 qun
1003 2721 1173 2784 defensione
1195 2721 1307 2782 actionis

269 2822 407 2884 laudatur
428 2824 561 2901 grauitas
583 2830 611 2883 et
632 2823 813 2884 vehementia
823 2817 889 2902 (⁷⁸).
921 2822 1000 2885 Belli
1016 2821 1112 2885 Italici
1129 2831 1208 2884 certe
1223 2822 1305 2902 prino

270 2921 434 3002 anno·(⁷⁹),
462 2924 605 2986 Antonius
631 2923 669 2983 ab
691 2923 765 2984 urbe
787 2923 875 2999 aluit,
903 2925 965 2986 sire
988 2923 1067 3004 quod
1092 2922 1210 3002 legatus
1233 2929 1320 3012 essetM

269 3025 332 3088 siue
360 3024 439 3104 quod
459 3024 565 3086 ltaliae
592 3023 723 3104 aliquam
743 3032 857 3105 partem
877 3024 1014 3086 tuendam
1035 3042 1099 3085 curn
1120 3025 1243 3105 irnperio
1264 3039 1304 3083 ac-

269 3126 409 3206 cepisset,
441 3132 474 3186 ut
507 3141 606 3186 omnes
638 3131 706 3186 tunc
738 3125 910 3187 consulares
940 3125 1030 3186 rebus
1056 3125 1148 3203 gestis
1175 3125 1302 3203 insignes.

267 3225 354 3288 Bello
378 3225 574 3306 qualicunque
596 3221 681 3286 modo
705 3227 866 3308 composito
890 3243 953 3288 cunr
976 3225 1136 3288 exitiabilis
1155 3227 1232 3287 inter
1246 3225 1319 3286 bia-1

268 3327 344 3387 rium
366 3333 395 3386 et
411 3324 526 3388 Sullam
547 3323 695 3387 discordia
716 3327 891 3403 exarsisset,
912 3335 944 3389 ut
966 3328 1120 3409 optimates
1138 3345 1237 3389 omnes
1257 3341 1302 3385 non

268 3426 373 3506 potnit,
396 3426 465 3506 quin
482 3425 613 3495 Sullanis
630 3428 764 3507 partibus
781 3446 847 3490 sese
863 3429 1037 3510 applicaret.
1071 3427 1146 3490 llinc
1162 3428 1261 3491 Mario
1280 3424 1301 3484 in

267 3526 369 3588 urbem
394 3535 549 3604 reuocato,
576 3545 640 3591 cum
661 3528 748 3592 Sulla
776 3529 807 3590 in
830 3529 956 3593 Graecia
976 3529 1086 3591 bellurn
1110 3545 1174 3592 curu
1196 3526 1318 3592 Mithri-¹

268 3625 337 3687 date
362 3643 436 3705 nege
464 3637 596 3708 gereret,
627 3631 752 3711 hospitis
778 3631 897 3692 inscitia
924 3630 1058 3712 proditus
1086 3638 1137 3692 aut
1157 3631 1238 3692 illius
1262 3631 1299 3688 aut

259 3725 380 3788 ¹Cinnae
405 3729 488 3790 iussu
508 3729 677 3793 interfectus
700 3738 845 3812 caputque
867 3731 898 3792 in
918 3732 1024 3794 rostris
1045 3731 1173 3813 positum
1196 3722 1297 3805 est(³⁰)·

337 3902 387 3975 75)’
400 3907 456 3962 cte.
469 3909 504 3964 de
517 3907 566 3966 Or.
579 3910 611 3967 ΙΙ.
624 3911 671 3977 25,
687 3909 744 3965 107.
764 3909 791 3963 ln
805 3911 899 3982 primis
916 3917 1005 3964 autem
1023 3911 1065 3966 te.
1079 3925 1139 3982 sqq.
1159 3917 1187 3966 et
1204 3911 1237 3964 de
1250 3909 1297 3976 lege

265 3991 404 4063 Appuleia
421 4011 444 4049 c.
456 3993 505 4063 att,
521 3995 581 4050 aot.
607 3995 642 4051 cl.
660 3993 723 4048 Val.
737 3993 815 4052 Max.
829 3995 904 4050 Vlll.
923 3995 956 4064 5,
972 3993 999 4052 2.
1085 3994 1132 4064 to)
1150 3994 1186 4050 de
1200 3992 1246 4050 Or.
1262 3988 1297 4043 ΙΙΙ.

265 4075 297 4143 2,
313 4077 338 4133 5.
425 4079 471 4148 77)
490 4079 530 4135 Ut
545 4079 758 4135 Westerruannc
774 4097 802 4151 p.
818 4080 875 4138 109.
898 4099 926 4136 v.
945 4080 1002 4136 otc.
1021 4079 1057 4134 de
1071 4077 1121 4136 Or.
1139 4079 1171 4136 ll.
1188 4079 1236 4145 28,
1254 4073 1297 4129 lit.

266 4159 312 4229 rs)
332 4163 388 4218 on.
407 4163 486 4220 una.
505 4163 537 4220 n.
554 4167 604 4232 ss,
621 4165 663 4222 cc.
751 4163 797 4234 ne)
815 4165 871 4222 cre.
885 4165 965 4221 Brun.
983 4163 1032 4233 so,
1043 4165 1110 4230 ,noa
1197 4163 1241 4230 eo)
1255 4159 1296 4215 cc

267 4246 303 4300 ae
317 4243 368 4302 or.
383 4247 429 4302 ru.
443 4249 475 4316 s,
491 4249 531 4306 ro.
558 4248 700 4318 arnaco,
713 4249 773 4309 sor.
801 4244 1295 4324 arv.apte.nxxx.1³ruantsr.a
