2676 4774
173 485 230 535 nun
550 463 838 533 PRAEFATIO.

172 633 265 700 libris
286 607 439 722 scriptun
454 651 561 702 errore
582 633 781 723 pervulgato,
810 643 841 700 et
863 643 971 709 coeto,
993 653 1124 711 uersus,
1155 638 1225 702 nisi
1333 633 1335 714 J*

173 771 243 819 curn
265 755 297 818 in
317 762 479 840 poetarum
496 755 703 841 antiquiorum
718 753 861 840 reliquiis
879 762 1016 847 exstant,
1036 764 1069 820 ut
1087 754 1138 834 19,
1156 755 1223 832 76„
1332 773 1333 834 ξ

172 871 336 959 probanda
366 882 492 960 propter
520 873 649 940 nimiam
677 873 840 939 uetustatis
874 873 1011 958 speciem
1046 891 1111 940 non
1143 884 1222 960 puto
1332 871 1334 930 ῗ

171 989 375 1078 pauculisque
397 1011 438 1058 ea
459 991 540 1058 locis
561 989 706 1056 inlibris
728 992 880 1069 emicant,
905 988 1065 1069 1111140,
1089 989 1161 1058 150.
1184 993 1221 1059 in

170 1101 228 1192 Lg.
246 1106 277 1174 8.
300 1119 331 1176 et
351 1107 420 1188 13,
440 1107 498 1188 dd,
521 1081 592 1178 172.
614 1112 648 1176 11
662 1104 884 1176 ottoboniano.

255 1223 394 1294 Rariora
420 1230 453 1294 in
480 1227 572 1294 libris
601 1237 671 1294 sunt
705 1248 763 1294 nec
792 1226 969 1313 spernenda
993 1235 1113 1304 tamen,
1146 1247 1217 1294 cunr

169 1343 272 1411 bonos
295 1355 440 1413 auctores
457 1344 587 1423 habent,
610 1349 734 1420 reicere,
753 1347 883 1420 adicere,
903 1353 936 1410 ut
951 1342 982 1422 Θ,
995 1343 1047 1409 31.
1069 1343 1122 1424 51,
1137 1344 1215 1411 192ε

168 1462 240 1528 vide
264 1460 381 1530 Conni.
406 1461 457 1530 Gr.
479 1467 512 1529 in
536 1463 575 1530 de
599 1461 652 1530 Or.
671 1467 695 1529 1.
716 1462 774 1542 42,
796 1463 885 1544 189.;
912 1464 1042 1537 seclum,
1065 1466 1211 1541 uinclum,

168 1589 202 1646 ut
223 1581 279 1658 19,
301 1581 360 1648 71ε
392 1597 418 1646 u.
441 1581 463 1648 1.
483 1603 510 1648 c.
531 1581 555 1647 1.
575 1579 740 1662 43,194.;
772 1583 911 1664 reppuli,
932 1584 1073 1664 repperi,
1094 1585 1211 1658 rettuli,

168 1709 330 1782 quattuor,
352 1699 579 1780 1111123811.
597 1701 650 1779 37,
668 1699 740 1766 lau
762 1698 818 1778 18,
834 1699 907 1764 212.
930 1697 1082 1777 14211
1101 1719 1132 1768 u.
1147 1699 1168 1766 1.
1183 1721 1209 1768 c.

166 1813 204 1880 11.
226 1816 285 1896 24,
307 1817 378 1883 100.
423 1817 489 1885 Sed
516 1837 556 1885 ne
588 1821 622 1886 in
645 1817 696 1885 his
723 1817 848 1916 quidem
880 1818 1071 1886 consuetudo
1101 1819 1210 1886 eadem

166 1944 215 2002 est
236 1946 268 2002 ct
288 1932 499 2003 immutabilis.

251 2053 315 2130 se,
338 2057 421 2132 ittet,
446 2065 524 2140 aput
544 2055 684 2122 scribere
704 2058 839 2143 ineptum
860 2055 974 2122 iudico.
1020 2053 1210 2138 (11110111-

164 2151 293 2240 tilianus
315 2173 390 2240 dicit
411 2173 435 2240 d
457 2185 485 2251 t,
513 2177 530 2240 1
548 2193 572 2258 p
601 2176 635 2240 in
649 2173 716 2240 dne
737 2173 961 2241 uocabulorum
982 2178 1208 2263 pronuntiando

163 2311 228 2358 non
256 2289 400 2374 dignosci
430 2294 535 2378 itaque
564 2269 625 2358 illa
650 2293 827 2376 prorniscue
856 2291 969 2372 scribi,
1006 2314 1118 2363 canem
1149 2315 1207 2364 nos

163 2407 257 2495 piane
286 2407 384 2488 iubet,
412 2429 452 2475 ne
481 2419 649 2499 arecepta
670 2414 824 2500 scriptura
848 2411 1071 2481 desciscanus.
1114 2415 1207 2484 Addit
1334 2475 1335 2487 .

164 2528 258 2592 etiam
284 2529 326 2593 od
347 2535 378 2593 et
398 2539 433 2594 ut
461 2547 481 2594 a
507 2528 665 2616 plerisque
692 2549 769 2608 nun
784 2533 888 2617 magis
917 2534 1085 2620 scriptione
1116 2555 1206 2622 quan

161 2645 412 2732 pronuntiatione
434 2646 600 2732 distingui3
628 2669 709 2735 quae
732 2657 838 2716 tamen
862 2660 970 2718 nostro
991 2661 1129 2742 ternpore
1150 2673 1206 2724 no·
1331 2647 1335 2739 J

160 2771 302 2830 catonem
323 2773 451 2853 experta
478 2785 541 2833 non
563 2775 642 2834 sont.
685 2765 794 2855 Neque
814 2768 908 2836 uideo
930 2769 1052 2857 quidni,
1084 2776 1113 2840 si
1137 2779 1206 2851 ilict

160 2881 344 2968 prebemus,
365 2885 462 2950 etiam
482 2889 553 2969 quit
571 2887 751 2953 sunncndurn
775 2889 815 2954 sit
837 2899 868 2954 et
889 2891 916 2956 it
934 2909 991 2976 pro
1014 2897 1090 2978 quid
1110 2905 1141 2962 et
1162 2901 1203 2976 ic,
1333 2913 1336 2978 ζ

160 3017 229 3066 cum
250 3000 310 3067 illa
336 3004 462 3070 minine
488 3003 736 3092 infrequentiora
763 3005 909 3074 inlibris
936 3011 1015 3090 sint,
1045 3029 1206 3100 quanter
1331 3056 1335 3089 t

159 3125 190 3184 et
211 3129 300 3202 aput.
1329 3132 1331 3136 ’

240 3235 331 3311 Haec
357 3237 434 3304 mihi
460 3239 533 3306 huic
558 3257 650 3306 nneac
672 3243 788 3330 operae
814 3247 990 3332 praefanda
1009 3249 1202 3319 videbantur.

159 3353 325 3442 Superest,
346 3365 379 3421 ut
398 3359 516 3443 peritos
533 3356 643 3425 harum
658 3359 819 3428 literarum
840 3353 1070 3435 existimatores
1084 3364 1201 3456 rogent,

157 3483 190 3538 nt
210 3472 292 3540 hunc
313 3493 435 3562 quoque
462 3476 633 3544 studiorum
654 3498 793 3548 uncorum
812 3482 945 3551 fructum
966 3490 1147 3572 cognitione
1174 3499 1202 3556 ct

157 3591 274 3658 iudicio
296 3591 450 3662 benevolo
474 3593 636 3682 indignum
657 3619 697 3666 ne
720 3599 866 3670 iudicent.

242 3741 428 3812 Scribebann
451 3733 589 3816 lslebiae
615 3751 649 3816 in
676 3731 842 3838 gymnasio
872 3759 961 3844 regio
985 3746 1054 3826 Gal.
1074 3757 1200 3830 Martiis
1335 3768 1336 3781 ¹

155 3881 185 3930 a.
206 3859 464 3930 MDGGCXLIV.

503 4133 840 4162 ψ
