2676 4774
198 483 233 538 o
536 421 542 429 ’
573 465 873 538 runnnnrto.

283 635 372 732 quti
391 637 518 705 codices
538 641 672 726 scriptos
693 639 801 707 seculo
824 639 945 728 decimo
966 641 1072 726 quintu
1092 625 1248 728 antiquiu-

199 773 253 822 res
274 775 338 822 non
359 765 483 822 exstare
506 766 623 823 certum
644 767 702 824 est.
732 756 829 824 Periit
850 759 932 824 enim
949 758 1049 826 codex
1067 759 1249 846 antiquissi-

200 889 268 952 mus
303 871 437 940 Gerardi
468 870 643 940 Landriani
667 876 807 962 episcopi
837 873 1034 953 Laudensis,
1062 896 1102 943 ex
1129 893 1191 962 quo
1218 885 1249 942 et

200 989 274 1056 libri
297 989 336 1056 de
359 987 494 1058 Oratore
515 991 646 1079 suppleti
667 1002 698 1058 et
719 989 832 1059 Brutus
853 996 982 1080 primum
1003 995 1036 1061 in
1056 993 1160 1060 lucem
1176 1013 1249 1081 pro·

199 1117 318 1201 tractus
344 1118 414 1189 est.¹
453 1106 569 1176 Omnes
595 1111 705 1196 igitur,
740 1113 792 1198 qui
822 1109 924 1178 adhuc
954 1121 1133 1197 notuerunt,
1161 1109 1250 1177 Bruti

192 1225 330 1320 ,codices
357 1226 489 1293 eundem
516 1227 603 1293 illum
617 1205 741 1295 'fontem
770 1239 956 1308 monstrant,
985 1239 1018 1295 ut
1038 1239 1142 1297 tamen
1165 1228 1249 1294 alius

193 1343 267 1440 xalio
293 1346 422 1432 peritius
449 1355 479 1412 et
506 1348 683 1413 accuratius
713 1345 886 1436 descriptus
910 1349 965 1428 sit3
996 1347 1078 1436 quod
1099 1367 1163 1414 uon
1183 1356 1248 1414 tam

196 1464 234 1550 ,in
261 1465 482 1552 scripturarum
508 1467 716 1552 praestantia,
744 1485 837 1553 quam
867 1467 900 1532 in
927 1464 1048 1532 mendis
1070 1475 1160 1532 caute
1182 1467 1250 1532 cvi·

193 1582 275 1675 'tatis
307 1591 338 1648 et
370 1583 545 1670 antiquiore
576 1557 733 1651 uocabula
770 1583 928 1651 scribendi
955 1585 1076 1651 ratione
1103 1585 1248 1650 cernitur.

135 1753 144 1765 .
201 1697 344 1765 Adhibiti
367 1699 467 1768 adhuc
489 1712 578 1788 erant
600 1702 727 1770 codices
743 1701 943 1770 Parisienscs
965 1701 1098 1789 aliquot,
1120 1721 1249 1790 quorum

137 1843 141 1850 ·
202 1819 256 1905 qni
282 1829 422 1906 praestat
442 1817 479 1885 D.
510 1819 549 1887 ab
573 1817 693 1888 Orelliu
721 1824 820 1910 primo
851 1831 997 1888 accurate
1027 1819 1161 1887 collatus
1192 1829 1250 1898 est,

193 1945 234 2031 ⁴ut
251 1934 393 2031 3Gudiani
416 1938 495 2018 duo,
524 1959 544 2006 a
574 1937 742 2006 Schuetzio
769 1941 910 2027 usurpati
937 1938 1075 2026 quidem,
1106 1937 1162 2004 sed
1190 1956 1251 2004 nec
1286 1959 1289 1970 ¹

197 2051 244 2150 ¹ab
263 2053 323 2123 huc
345 2075 404 2142 nec
427 2055 466 2143 ab
491 2056 564 2124 aliis
587 2057 754 2144 diligenter
776 2058 961 2126 examinati:
985 2056 1024 2122 de
1044 2054 1156 2143 quibus
1171 2074 1250 2142 quo-

196 2172 295 2252 modo
327 2177 460 2242 sentiam
493 2177 527 2242 in
551 2175 748 2262 praefatione
777 2175 818 2242 ad
844 2174 945 2242 libros
971 2173 1010 2242 de
1033 2171 1172 2240 Oratore·
1194 2193 1251 2240 ex-

200 2292 302 2377 posui.
346 2290 412 2368 Sed
433 2291 483 2358 his
506 2293 698 2386 aliquantum
717 2303 878 2384 praestant
892 2291 979 2371 ltali,
1001 2311 1131 2380 quorum
1152 2291 1251 2379 pluri-
1332 2337 1333 2342 κ

202 2427 272 2474 mos
296 2405 545 2494 Lagomarsinus
572 2411 716 2492 cuntulit,
745 2431 809 2479 nun
831 2411 936 2479 nullos
967 2430 1028 2497 ego
1050 2408 1189 2476 Venetiis
1219 2419 1251 2475 et

202 2523 324 2593 Romae
352 2531 493 2619 excussi,
521 2527 827 2614 Lagomarsinianos
857 2539 973 2604 autem,
999 2535 1162 2618 postquam
1188 2528 1250 2593 viri
1332 2535 1333 2542 ’

203 2643 378 2712 doctissimi
401 2649 641 2716 commentarios
660 2651 693 2714 in
716 2646 853 2734 collegio
874 2647 1016 2715 Romano
1039 2644 1074 2714 S.
1093 2643 1116 2711 l.
1143 2665 1251 2712 asser·

202 2773 294 2830 uatos
307 2783 550 2853 -excerpseram,
574 2765 753 2834 Florentiae
775 2768 907 2854 inspexi.
1332 2743 1333 2748 ἵ

288 2878 327 2947 Et
351 2886 485 2950 omnium
508 2885 631 2973 quidem
655 2885 907 2974 emendatissime
924 2884 1056 2970 scriptus
1073 2890 1136 2960 est,
1160 2899 1251 2966 quem
1332 2895 1333 2960 ῖ

201 2996 346 3067 ¹venetiis
368 3001 499 3081 contuli,
522 3003 622 3070 codex
643 3003 717 3072 olim
737 3001 914 3081 Nonianus,
936 3021 1017 3068 nuno
1038 2997 1252 3066 bibliothecae
1332 3001 1333 3078 ξ

204 3113 243 3180 D.
272 3115 376 3184 Marci
409 3119 524 3187 classis
551 3119 608 3186 Xl.
638 3122 706 3189 cod.
736 3119 881 3200 lxvii,
918 3130 989 3186 anta
1022 3137 1135 3184 aunum
1168 3115 1253 3181 1432

204 3238 338 3324 scriptus
361 3240 395 3302 in
414 3257 505 3303 usum
526 3240 586 3305 viri
609 3237 832 3316 literatissimi,
858 3246 928 3324 post
950 3232 1145 3313 Cardinalis,
1166 3232 1253 3300 Leo·
1332 3217 1333 3286 Ῑ

196 3354 295 3448 pardi
321 3353 483 3449 Baptistae
510 3355 648 3438 Alberti3
680 3359 768 3424 cuius
799 3357 847 3422 rei
878 3355 1005 3440 inipso
1032 3349 1115 3418 libro
1143 3351 1254 3418 notula
1332 3375 1333 3380 ¹

202 3475 400 3561 praescripta
426 3473 608 3542 documento
639 3485 696 3542 est.
745 3472 801 3540 Est
830 3469 1102 3548 membranaceus,
1130 3469 1251 3536 formae

205 3601 352 3678 quartae,
383 3613 474 3679 quam
507 3603 650 3673 uocant,
668 3593 814 3670 minoris,
846 3589 943 3656 nitide
976 3597 1122 3654 exaratus
1149 3586 1252 3653 literis

202 3707 327 3788 latinis,
355 3712 465 3797 quales
478 3722 556 3780 tunc
577 3709 659 3798 apud
679 3707 777 3774 ltalos
804 3710 837 3774 in
858 3727 919 3773 usu
943 3716 1049 3784 erant,
1070 3703 1252 3771 mendorum

203 3847 305 3915 paene
334 3831 494 3910 immunis3
518 3849 592 3918 raro
620 3825 659 3893 ab
690 3828 818 3914 antiqua
846 3836 877 3893 et
902 3824 1003 3914 proba
1027 3821 1253 3890 vocabulorum
1332 3901 1333 3904 Ἴ

197 3927 440 4015 ¹scribendorum
460 3945 582 4014 ratione
605 3946 753 4024 discedit,
776 3944 858 4032 quod
880 3945 970 4033 periti
994 3941 1085 4008 simul
1102 3949 1133 4006 et
1149 3939 1252 4006 idelis

204 4067 365 4152 scriptoris
392 4068 514 4151 signum
537 4074 593 4130 ost.
635 4061 723 4130 Hunc
749 4065 894 4130 Venetam
911 4063 1054 4144 pmoreno
1076 4059 1156 4124 dicu.

291 4179 415 4250 Contuli
436 4185 546 4260 etiam,
569 4183 625 4248 sed
648 4192 718 4270 post
739 4181 913 4249 conlectum
933 4181 1091 4264 negotium
1107 4175 1159 4242 vix
1177 4196 1255 4262 ope-

199 4319 260 4398 rae
288 4302 416 4388 pretium
437 4301 624 4384 proiecisse
646 4303 746 4380 sensi,
774 4301 919 4368 Venetam
941 4297 1054 4374 alium,
1082 4313 1174 4382 quem
1195 4313 1256 4360 uu-
