2640 4780
259 427 359 508 aas
652 423 915 497 oronaonrs
1000 399 1003 410 '

262 609 370 670 aoutus
392 606 515 676 orator,
538 595 596 664 sad
616 605 722 664 tamen
742 607 851 666 orator
869 604 1049 664 numeratus
1071 603 1132 662 est.
1175 593 1251 662 Erat
1270 593 1297 661 in

259 717 367 788 verbis
403 718 544 802 gravitas
577 725 608 782 et
639 715 735 782 iaoilo
763 714 888 783 dioebat
914 724 945 782 et
974 716 1192 782 auctoritatem
1219 723 1297 779 natu-

260 835 361 906 ralem
384 833 539 922 pandam
560 831 700 900 babebat
720 833 832 900 oratio.
864 831 996 900 Acutior
1017 830 1056 912 Q.
1076 829 1194 898 Varius
1214 830 1297 896 rebus

261 953 474 1030 inveniendis,
495 971 555 1019 neo
576 953 678 1018 minus
698 950 805 1018 verbis
822 951 997 1039 expeditum
1019 950 1110 1018 fortis
1125 969 1204 1016 vero
1222 958 1297 1015 aotor

261 1083 293 1140 et
319 1067 488 1139 ve'bemeus
516 1079 547 1136 et
573 1068 680 1137 verbis
707 1089 767 1136 neo
794 1070 885 1157 inops
912 1089 972 1136 neo
996 1067 1139 1136 abiectus
1165 1077 1296 1153 atquem

260 1189 354 1279 plane
386 1197 543 1256 oratorem
574 1187 680 1255 dicere
710 1187 844 1254 auderes
875 1185 931 1254 Gn.
960 1185 1165 1276 Pomponius,
1199 1185 1297 1252 lateri-

260 1307 320 1374 bus
351 1325 494 1395 pugnans
521 1307 656 1374 incitans
687 1307 809 1372 animos
841 1325 917 1374 aoer
945 1304 1079 1372 acerbus
1111 1306 1297 1372 criminosus.

261 1426 334 1491 222.
362 1421 494 1490 Multum
523 1422 563 1490 ab
591 1422 641 1490 bis
669 1422 780 1490 aberat
800 1419 838 1488 L.
866 1421 982 1501 Fufius,
1014 1433 1119 1490 tamen
1148 1443 1186 1489 ex
1215 1439 1297 1488 aecu-

262 1542 386 1609 satione
404 1539 450 1606 M’
471 1539 593 1627 Aquilii
620 1539 803 1625 diligentiae
831 1540 961 1608 fructum
983 1551 1119 1627 oeperat
1160 1537 1240 1604 Nam
1260 1534 1296 1602 Μ.

261 1655 397 1726 Drusum
417 1668 502 1726 tuum
522 1677 670 1744 magnum
692 1656 892 1736 avunculum,
921 1677 1051 1743 gravem
1073 1667 1241 1734 oratorem,
1262 1657 1298 1720 ita

261 1777 425 1854 duntaxat,
448 1775 577 1843 aurudo
599 1795 635 1841 ro
652 1773 780 1862 publiea
801 1775 933 1849 dicaret.
960 1772 998 1840 L.
1021 1785 1123 1842 autem
1142 1772 1298 1840 Lucullum

262 1896 357 1960 etiam
385 1903 521 1970 acutum,
549 1901 729 1979 patremque
756 1901 857 1970 tuum,
885 1890 995 1990 Brute,
1023 1895 1100 1958 iuris
1125 1911 1249 1978 quoqne
1276 1897 1314 1982 et

260 2010 380 2100 publioi
411 2019 442 2076 et
468 2011 581 2098 privati
607 2028 684 2075 saue
709 2010 858 2096 peritum,
888 2007 934 2075 M.
955 2007 1120 2077 Lucullum
1143 2007 1187 2074 M.
1212 1999 1314 2074 Octa

190 2126 198 2139 '
260 2131 345 2198 vium
372 2127 429 2195 Gn.
453 2125 504 2206 R,
537 2129 590 2211 qui
621 2135 738 2194 tantum
767 2127 951 2194 auctoritate
977 2127 1171 2214 dicendoque
1200 2125 1298 2200 valuit,

261 2256 295 2314 ut
314 2246 420 2332 legem
436 2243 654 2332 Semproniam
674 2244 909 2311 frumentariam
928 2244 1035 2333 populi
1055 2245 1227 2332 frequentis
1243 2242 1299 2309 sui-

263 2363 379 2448 fragiis
412 2361 627 2446 abrogaverit,
661 2361 717 2428 Gn.
748 2357 912 2431 Octavium
942 2361 988 2430 M.
1015 2361 1049 2429 F.
1082 2359 1128 2430 M.
1159 2343 1296 2429 Catonern

325 2577 372 2622 222.
398 2577 428 2620 ob
442 2577 490 2634 die]
504 2579 531 2622 ob
545 2581 581 2622 iis.
593 2601 620 2612 -·
638 2578 668 2623 ab
681 2578 787 2638 indicito]
802 2581 927 2626 aiudiciio.

329 2761 413 2818 LXII.
448 2764 508 2819 221.
544 2765 598 2818 sed
622 2771 721 2820 tameo
744 2765 858 2832 orator]
884 2781 936 2822 om.
961 2763 1012 2835 Lg.
1030 2765 1134 2820 20.·
1162 2759 1295 2837 prauitas]

260 2849 420 2921 praeditas
432 2847 559 2905 Lambini
577 2850 741 2905 coniectura
752 2850 909 2904 inutilis.—
932 2847 1025 2920 fortia
1041 2866 1111 2904 oero
1125 2851 1221 2918 actor]
1239 2849 1312 2902 baec

260 2948 317 2988 uon
342 2929 378 2986 ad
402 2933 533 3002 Varium,
559 2933 610 2990 sed
633 2935 670 2988 ad
692 2934 873 3005 Pomponium
898 2933 1043 2988 reserenda
1066 2932 1161 2990 docuit
1184 2911 1312 3002 Madvig.

260 3013 433 3072 Emendd.1.
457 3035 485 3090 p.
506 3019 565 3073 172.
600 3019 672 3073 Hinc
693 3017 828 3089 Meyerns
852 3019 933 3074 aditet·
957 3035 990 3072 ac
1014 3018 1098 3090 vulgo
1126 3020 1295 3074 distinxit.-

154 3167 160 3186 ,
260 3103 461 3174 expeditoo-
470 3102 578 3173 oerdta]
597 3120 648 3158 om.
662 3103 713 3175 Lg.
725 3103 811 3158 70.-
827 3111 856 3158 et
867 3102 973 3172 verbis]
991 3107 1025 3158 itt
1037 3103 1133 3158 verbio
1144 3103 1195 3176 ng.
1210 3103 1294 3159 Scurr-

259 3185 300 3245 ita
316 3187 398 3243 inser.
417 3204 444 3257 p.
463 3203 524 3244 var.
542 3187 585 3245 30.
602 3216 639 3234 »-
664 3187 861 3260 Pomponius]
874 3191 1035 3262 pompeiae
1051 3187 1102 3260 Lg.
1121 3188 1165 3243 20.

328 3301 389 3356 222.
425 3301 463 3357 ab
488 3303 548 3373 itte]
573 3306 614 3360 sio
638 3307 740 3376 primus
764 3303 829 3360 sor.
855 3323 891 3360 ax
915 3305 966 3362 Gn.
989 3308 1013 3362 1.
1035 3303 1075 3372 2.;
1102 3306 1243 3378 vulgatum
1265 3305 1311 3358 iit:

260 3403 279 3440 a
296 3388 433 3442 sententia
456 3389 583 3462 alienum.
619 3389 742 3444 Firmani
766 3391 983 3446 emendationem
1006 3390 1057 3464 ng.
1075 3387 1293 3462 [0001012035.

259 3479 288 3526 et
306 3471 349 3527 ed.
364 3490 405 3549 pr.
420 3504 455 3514 —
474 3473 510 3530 L.
525 3474 640 3546 Folius]
659 3472 695 3530 L.
709 3473 819 3530 Fusias
835 3474 886 3547 Lg.
900 3475 943 3530 20.
954 3475 995 3530 35.
1006 3477 1048 3531 53.
1068 3475 1141 3530 Van.
1152 3475 1178 3531 2.
1197 3473 1293 3534 bamba

258 3557 338 3612 maie.
373 3556 492 3630 Fuffius
515 3559 565 3631 Lg.
583 3561 627 3616 68.
654 3561 698 3616 ed.
716 3577 756 3631 pr.
791 3559 826 3614 V.
844 3561 948 3616 Gomm.
968 3561 1013 3616 Cr.
1034 3562 1062 3614 in
1081 3561 1138 3616 cte.
1159 3560 1196 3614 de
1214 3558 1261 3616 0r.
1278 3555 1291 3610 1.

258 3639 307 3706 30,
327 3641 385 3696 170.
402 3670 439 3686 ...
466 3643 529 3712 M']
554 3644 598 3700 M.
617 3645 698 3700 codd.
714 3676 750 3687 -
775 3644 886 3714 Aquili]
905 3645 958 3717 Lg.
976 3645 1002 3700 8.
1018 3645 1062 3702 20.
1079 3643 1121 3700 35.
1142 3643 1185 3698 30.
1205 3645 1244 3700 51,
1261 3641 1292 3695 53.

259 3721 301 3776 58.
315 3722 357 3776 68.
372 3725 413 3778 70.
431 3727 501 3783 Van.
516 3731 539 3784 1.
559 3729 621 3784 Vnt
650 3729 862 3800 110011ᾳαί111,
878 3731 968 3785 nullos
981 3747 1031 3801 per
1044 3729 1073 3784 11.
1085 3759 1120 3770 -
1138 3727 1292 3802 eaffrupit's]

259 3805 426 3880 subfraqiis
441 3810 492 3884 ng.
505 3812 530 3869 8.
546 3813 586 3870 51.
603 3815 691 3870 iorma
708 3815 791 3884 piane
806 3815 946 3886 singulari.
958 3845 994 3856 —
1012 3815 1050 3870 ab
1064 3815 1198 3884 iudiciis]
1217 3815 1262 3885 lig.
1272 3811 1291 3865 8.
1309 3809 1310 3820 ’

257 3889 300 3946 35.
318 3891 361 3948 39.
379 3894 421 3952 51.
452 3897 522 3953 Reii.
540 3917 561 3954 a
578 3899 638 3956 iud.
673 3899 768 3954 Verba
785 3899 819 3954 id
835 3907 880 3954 est
897 3917 917 3954 a
936 3900 1061 3958 indietis
1077 3899 1209 3956 Manutio
1227 3899 1292 3953 bau·

257 3975 322 4032 bino
345 3978 510 4039 Ruhnkenio
528 3984 582 4055 (ad
599 3981 719 4038 Vettii.
736 3983 792 4053 23.)
814 3983 960 4042 subditicio
981 3987 1044 4041 visa
1064 3993 1142 4050 snut;
1170 3985 1223 4040 red
1240 3981 1292 4038 vido

62 4073 72 4093 ¹
171 4112 174 4117 .
257 4065 576 4139 annotataBernbardyi
591 4067 664 4124 ado.
675 4068 717 4123 to
730 4076 798 4124 extr.
824 4069 900 4124 Sane
913 4072 985 4126 anim
999 4069 1290 4141 iliadeieudiposouui

256 4163 317 4202 cum
334 4154 415 4208 acteo
438 4154 584 4210 advenias
607 4152 766 4210 balationes
783 4153 1006 4212 deflectatur.-
972 4157 1160 4232 -poooimtl
1176 4155 1291 4228 possset

257 4229 301 4287 ed.
325 4250 367 4303 pr.
396 4245 522 4306 possent
546 4238 619 4294 coni.
643 4233 734 4296 Orelli
758 4239 868 4308 infelix3
895 4242 962 4314 „oui
986 4241 1071 4298 debet
1092 4243 1202 4308 messe,
1229 4232 1309 4309 quud
