2660 4776
215 393 304 468 150
611 389 871 461 CICERONIS

177 605 188 616 -
214 565 372 634 hominum
398 571 451 630 aut
475 562 596 630 timore.
643 561 675 630 8.
700 560 749 630 Ite
774 561 931 630 nobismet
956 561 1035 650 ipsis
1063 563 1194 641 accidit,
1220 573 1261 641 ut,

215 701 392 772 quanquam
417 690 524 749 essent
550 680 646 748 multo
671 683 776 766 magis
804 679 870 748 alia
895 679 1048 766 lugenda,
1075 691 1183 748 tomen
1203 681 1261 748 lroc

215 801 402 880 doleremus,
420 800 512 887 quod,
530 820 591 887 quo
607 809 745 890 tempore
762 809 851 866 aetas
866 808 976 866 nostre
990 801 1155 887 perfuncta
1169 797 1261 866 rebus

216 919 428 1008 amplissumis
459 928 608 1006 tauquam
638 920 672 986 iu
703 927 824 1006 portum
850 918 1020 1006 coningere
1047 917 1178 1018 deberet
1201 937 1262 984 non

215 1039 348 1105 inertiae
370 1057 472 1126 neque
495 1037 653 1116 desidiae,
681 1037 739 1104 sed
761 1037 817 1104 otii
838 1037 992 1104 moderati
1013 1047 1107 1124 atque
1129 1036 1261 1113 honesti,

216 1175 354 1252 cumque,
378 1157 450 1244 ipsa
484 1157 585 1223 oratio
618 1157 682 1222 iam
713 1164 824 1223 nostra
854 1165 1039 1224 canesceret
1069 1154 1260 1240 haberetque

214 1295 304 1344 suam
337 1274 494 1362 quendam
525 1276 732 1340 maturitatem
765 1283 796 1341 et
819 1276 920 1362 ¹quasi
951 1283 1162 1352 senectutem,
1200 1283 1261 1340 tum

217 1413 307 1460 arma
328 1403 399 1460 suut
421 1413 462 1460 ea
484 1401 620 1480 sumpta,
642 1391 753 1478 quibus
775 1393 824 1460 illi
845 1395 925 1480 ipsi‚·
943 1394 996 1480 qui
1017 1392 1194 1459 didicerant
1214 1391 1260 1457 eis

214 1516 260 1580 uti
285 1513 440 1598 gloriose,
468 1531 559 1600 quem
588 1510 628 1576 ad
656 1510 782 1577 modum
807 1509 988 1578 salutariter
1015 1519 1173 1577 uterentur
1197 1530 1261 1576 non

215 1629 442 1718 repperiebant.
480 1629 511 1694 9.
532 1625 641 1715 ltaque
664 1630 695 1694 ei
716 1628 793 1695 milri
812 1629 956 1697 uidentur
975 1630 1131 1698 fortunate
1152 1627 1260 1694 beate-

217 1769 277 1836 que
309 1750 428 1815 vixisse
459 1767 529 1814 cum
560 1748 594 1812 in
621 1751 735 1814 ceteris
767 1747 945 1816 ciuitatibus
967 1753 1035 1829 [tum
1057 1752 1204 1830 [maxume
1228 1749 1259 1812 in

215 1877 340 1946 nostra,
363 1865 474 1953 quibus
497 1885 566 1932 cum
585 1868 769 1933 auctoritate
791 1887 955 1954 rerumque
975 1878 1137 1954 gestarum
1157 1866 1259 1952 gloria

215 1999 278 2054 tum
305 1987 400 2052 etiam
429 1985 604 2072 sapientiae
629 1982 725 2051 laude
748 1986 866 2072 perfrui
894 1985 991 2054 licuit.
1040 2006 1171 2074 quorum
1197 2005 1259 2050 me-

215 2107 317 2173 moria
349 2113 380 2171 et
410 2103 588 2170 recordatio
612 2105 646 2169 in
672 2105 824 2170 maxumis
850 2107 967 2171 nostris
993 2106 1258 2192 gravissumisque

216 2226 300 2292 coeris
329 2223 466 2288 iucunda
490 2241 568 2287 sanc
596 2222 667 2302 fuit,
698 2241 768 2289 cum
788 2225 823 2288 in
844 2243 914 2289 eam
935 2245 1034 2312 nuper
1055 2243 1094 2290 ex
1118 2243 1257 2290 sermone

216 2341 351 2429 quodam
371 2340 602 2407 incidissemus.

299 2455 353 2523 lll.
381 2457 432 2523 lo.
459 2455 540 2524 Nam
569 2477 639 2524 cum
669 2458 897 2526 inambularem
923 2461 957 2525 in
983 2467 1074 2544 xysto
1101 2469 1133 2525 et
1159 2479 1257 2525 essem

216 2580 336 2644 otiosus
358 2575 457 2656 domi,
478 2575 609 2644 Marcus
630 2576 672 2642 ad
687 2597 736 2644 me
751 2577 881 2658 Brutus,
902 2586 934 2644 ut
950 2587 1171 2658 consueuerat,
1193 2596 1256 2642 oum

217 2693 255 2760 T.
277 2693 453 2782 [Pomponio
484 2703 628 2774 uenerat,
657 2694 800 2764 homines
833 2715 901 2764 cum
934 2697 1015 2762 inter
1042 2717 1078 2764 se
1106 2696 1255 2763 coniuncti

214 2948 364 3012 voeabulo;
383 2945 417 3004 ci.
435 2947 471 3003 de
485 2943 534 3004 Or.
548 2945 582 3004 ll.
597 2947 647 3016 40,
667 2948 724 3006 178.
744 2959 772 3004 et
789 2939 826 3005 de'
842 2957 901 3004 toto
919 2965 1020 3020 genere
1037 2947 1139 3004 Mattb.
1157 2949 1192 3004 ad
1204 2948 1253 3004 cie.

215 3051 242 3104 p.
262 3033 412 3105 legeMen.
430 3033 462 3101 0,
477 3033 520 3090 23.
557 3033 746 3106 „Pompeiani
762 3036 861 3107 partim
879 3037 987 3090 timore
1006 3033 1175 3104 (metuebant
1189 3033 1253 3086 euim

216 3119 342 3174 Caesaris
359 3120 455 3187 irem),
473 3120 573 3189 partim
590 3137 706 3183 errore,
725 3122 789 3190 qula
807 3121 926 3176 victores
943 3138 974 3176 se
991 3119 1052 3174 iore
1070 3119 1252 3191 opinabantur,

214 3203 328 3259 abiectis
345 3205 421 3272 pacis
437 3204 638 3258 conditionibus
655 3203 757 3259 bellum
774 3207 845 3261 ultro
858 3211 1045 3276 susceperant.
1051 3207 1070 3236 “
1101 3203 1213 3276 Meyer.
1224 3231 1252 3242 -

215 3289 335 3356 timore]
355 3293 484 3342 tremore
500 3287 551 3359 Lg.
567 3287 609 3343 68.
1247 3290 1250 3296 ’

282 3373 307 3427 8.
344 3375 525 3444 quenquam]
548 3389 599 3446 per
622 3389 654 3426 m
678 3389 743 3443 pars
767 3373 865 3444 codd,
892 3391 972 3445 quem
995 3375 1158 3444 scripturam
1174 3375 1252 3427 miuus

214 3458 358 3532 probatem
382 3475 437 3514 uon
462 3459 547 3531 magis
570 3457 687 3530 posthac
709 3459 946 3526 commemorabo,
970 3477 1049 3530 quem
1077 3463 1106 3514 in
1131 3473 1252 3530 unquam

213 3561 365 3615 nonquam
383 3551 534 3616 tanquam.
544 3573 580 3586 —-
592 3543 685 3599 rebus
701 3543 918 3617 amplissumis]
936 3551 1026 3614 atque
1037 3541 1198 3599 bonoribus
1213 3541 1252 3596 ad-

214 3621 287 3682 ditur
309 3631 337 3682 iu
360 3628 411 3684 Gu.
431 3629 470 3684 l.:
495 3631 652 3699 interpretis
675 3647 771 3684 manus
790 3630 924 3701 particula
944 3647 999 3700 pue
1023 3621 1206 3700 agglutinata:
1228 3643 1249 3680 v.

215 3714 318 3769 Cornus.
334 3711 379 3765 Cr.
396 3713 433 3766 ad
446 3713 481 3766 de
495 3707 544 3768 Or.
555 3713 589 3768 ll.
603 3714 652 3780 33,
668 3714 724 3768 lot.
736 3745 771 3755 -
793 3719 921 3770 tnerttae
931 3743 968 3756 ·-
982 3711 1131 3784 desidiae]
1152 3716 1251 3770 inertia

214 3805 243 3852 et
265 3796 386 3852 desidio
406 3797 449 3853 ed.
467 3814 509 3868 pr.
527 3826 563 3838 -·
589 3805 618 3852 et
636 3801 736 3869 quast]
760 3808 848 3871 utpote
872 3799 923 3872 Lg.
943 3799 986 3854 00.
1007 3831 1038 3840 -
1066 3802 1198 3873 sumpta]
1219 3797 1251 3852 sie

214 3899 300 3955 perp
320 3881 399 3936 codd.
418 3883 511 3938 collati
529 3899 635 3950 omnes,
660 3901 739 3954 quem
757 3887 934 3956 scripturam,
961 3901 1020 3939 cum
1041 3893 1069 3939 et
1093 3885 1250 3939 veracitet

213 3969 275 4022 libri
294 3967 422 4022 addicere
439 3969 561 4036 soleant,
585 3969 774 4040 posthac'non
791 3971 903 4025 notabo.
922 3999 957 4010 —
983 3967 1205 4044 repperiebant]
1218 3965 1250 4019 sie

214 4053 320 4108 duobus
335 4070 357 4126 p
374 4051 426 4126 Lg.
439 4053 465 4110 8.
481 4053 524 4110 51.
549 4053 620 4109 Ven.
636 4053 674 4120 1.;
692 4071 719 4110 v.
735 4055 837 4110 Comus.
851 4056 896 4111 Or.
915 4055 951 4108 ad
970 4055 1005 4110 de
1018 4051 1067 4110 0r.
1083 4051 1116 4106 ll.
1135 4055 1183 4120 ul,
1199 4049 1248 4105 100.

280 4139 307 4192 9.
343 4140 383 4206 et]
407 4136 466 4204 sic‚'
485 4156 542 4194 nou
561 4143 599 4203 ii,
622 4138 673 4211 bg.
692 4139 775 4194 835.
795 4140 838 4196 30.
856 4140 897 4195 51.
915 4139 957 4193 53.
976 4139 1019 4195 88.
1038 4139 1078 4193 70.
1105 4155 1155 4194 om.
1173 4141 1198 4192 rt
1212 4133 1248 4188 ed.

214 4237 257 4294 pr.
268 4251 304 4266 ·-
321 4223 439 4293 ceteris]
456 4225 497 4278 sie
513 4222 564 4294 bg.
578 4223 603 4278 8.
614 4223 671 4292 51.;
689 4225 748 4280 rell.
764 4240 800 4281 aa
812 4225 859 4282 val
873 4243 923 4292 oe,
942 4224 1015 4298 quod
1033 4223 1150 4296 posthac
1164 4227 1250 4278 notent
