2646 4772
376 405 568 476 BRUTUS
590 407 680 476 GAP.
702 407 753 478 84.
996 411 1090 484 m

55 577 80 642 si
110 585 238 661 angusta
271 585 302 644 et
333 577 457 646 exiliter
489 578 594 646 dicere
626 588 675 646 est
700 578 887 656 Atticorum
922 579 984 646 sint
1010 597 1088 648 sana

54 693 155 762 Attici:
182 695 240 762 sed
266 697 299 760 in
322 698 478 764 comitium
498 699 641 776 veniant,
670 697 710 764 ad
732 706 864 764 stantem
884 696 1018 764 indicem
1040 699 1087 764 di-

54 823 123 878 cent.
146 813 301 882 subsellia
318 815 520 900 grandiorem
536 825 566 882 ct
582 815 754 900 pleniorem
771 835 879 883 vocem
897 815 1086 884 desiderant.

52 930 115 996 299.
137 928 218 999 Volo
240 931 301 1000 lnoc
320 937 436 1002 oratori
457 935 632 1020 contingat,
653 943 702 1012 nt,
721 953 790 1002 cunr
806 933 942 1000 anditum
960 935 1000 1000 sit
1016 953 1087 1000 enm

52 1067 114 1116 esse
143 1049 311 1131 dicturum,
339 1051 429 1118 locus
459 1053 492 1118 in
524 1051 686 1120 subselliis
708 1061 876 1140 occupetur
897 1050 1087 1140 compleatur

50 1165 175 1234 tribunal
203 1171 336 1254 gratiosi
365 1169 491 1238 scribae
514 1172 576 1236 sint
603 1173 636 1236 in
661 1169 765 1236 dando
799 1179 830 1236 et
851 1169 991 1236 cedendo
1012 1169 1084 1236 loco

49 1304 156 1354 corona
176 1287 337 1376 multiplex
357 1289 451 1356 iudex
468 1299 606 1357 erectus:
632 1309 701 1356 cnnr
720 1297 829 1374 surgat
849 1290 894 1367 is,
915 1290 969 1375 qui
987 1287 1085 1354 dictu-

48 1421 94 1468 rus
114 1406 168 1483 sit,
198 1405 391 1491 significetur
421 1427 442 1476 a
467 1427 586 1476 corona
613 1407 788 1488 silentium,
817 1405 930 1474 deinde
952 1405 1083 1474 crebrae

48 1525 243 1592 assensiones
269 1523 385 1594 multae
410 1527 664 1607 admirationem.
679 1527 779 1604 risus,
808 1544 877 1592 curn
899 1524 991 1604 velit,
1015 1544 1084 1592 curn

46 1639 125 1719 velit,
157 1640 264 1710 dctus:
291 1654 339 1723 ut,
369 1647 422 1732 qni
451 1644 531 1712 haee
558 1644 667 1732 procul
687 1645 807 1724 videat,
840 1646 935 1710 etiam
960 1642 1084 1730 siquid

47 1769 148 1842 agatur
165 1763 304 1840 deamat,
324 1773 355 1828 at
371 1762 498 1851 placere
514 1772 620 1828 tamen
635 1771 665 1828 et
681 1765 714 1828 in
732 1781 830 1828 scena
846 1781 919 1828 esse
934 1760 1083 1828 Roscium

45 1877 208 1966 intellegat.
251 1877 338 1948 Haec
361 1883 412 1948 cui
433 1883 629 1965 contingant,
651 1899 721 1946 eum
742 1881 821 1947 scito
842 1879 945 1946 Attice
967 1879 1083 1958 dicere,

44 1996 126 2062 nt-de
147 1996 272 2066 Pericle
295 1999 453 2078 andimus,
481 2009 514 2065 nt
535 1999 574 2066 de
595 1995 768 2084 Hyperide,
796 2007 829 2062 ul
851 1998 889 2063 de
912 1995 1082 2074 Aeschine,

44 2111 76 2179 de
104 2117 172 2203 ipso
200 2117 324 2204 quidem
351 2115 561 2185 Demosthene
590 2120 748 2184 maxuma
784 2115 857 2180 291.
891 2111 950 2180 Sin
980 2123 1082 2180 autern

44 2243 156 2300 acutum
184 2235 320 2322 prudens
352 2245 382 2302 et
410 2236 493 2302 idern
518 2237 675 2302 sincerum
703 2243 733 2301 et
756 2233 890 2300 solidum
920 2242 951 2298 et
978 2233 1082 2298 exsic-

44 2361 136 2418 catum
163 2373 264 2439 genus
292 2356 445 2422 erationis
473 2353 606 2444 probant
631 2373 690 2420 nec
717 2352 773 2420 illo
800 2354 947 2439 graviore
970 2359 1082 2420 ornatu

93 2589 139 2634 999.
168 2591 259 2647 carpat]
274 2594 353 2645 surgit.
366 2615 392 2626 -
411 2592 528 2649 audianos]
542 2591 676 2636 andlvlmus.

40 2759 217 2832 intellepuat]
234 2761 287 2834 Lg.
299 2762 324 2817 8.
340 2761 382 2818 35.
398 2762 440 2818 39.
455 2763 497 2818 51.
520 2759 616 2818 otton.
633 2791 669 2805 -
697 2761 739 2816 ad
751 2761 892 2828 staatem]
910 2757 1079 2814 adstantem

40 2851 62 2894 et
77 2853 229 2902 astantem
249 2845 299 2918 ng.
317 2847 342 2902 8.
361 2846 395 2901 39
412 2865 465 2918 mg.
483 2847 516 2912 ¹1⁴.
536 2847 578 2900 51.
598 2846 640 2900 53.

97 2947 160 3000 999.
198 2963 264 3003 cam
281 2955 383 3020 carpat
401 2948 438 3014 ts]
457 2947 540 3018 vulgo
559 2949 663 3016 carpit.
699 2943 783 3002 Quod
801 2945 865 2998 olim
882 2945 992 2998 correxi
1008 2961 1080 2998 nunc

38 3032 147 3098 praebet
161 3031 204 3085 ed.
217 3047 258 3100 pr.
276 3031 327 3102 Lg.
342 3032 385 3088 20.
405 3032 524 3086 concinit
536 3031 576 3097 8.,
593 3032 621 3084 in
635 3047 689 3100 qno
705 3038 746 3084 est
760 3033 906 3102 carpatis,
927 3037 954 3084 et
965 3029 1028 3082 Par.
1043 3029 1078 3086 D.

38 3114 81 3172 Gn.
104 3116 147 3181 l.,
174 3117 316 3185 inquibus
341 3123 500 3190 coasarqat
525 3119 592 3188 (pro
616 3133 686 3172 cam
710 3117 756 3182 s).
791 3113 842 3168 Gu.
864 3115 886 3170 l.
915 3121 1033 3186 ereptas
1051 3133 1079 3186 p.

37 3209 154 3256 erectas.
169 3228 206 3244 —-
227 3202 421 3274 stpailicetar]
439 3202 586 3274 sioatficet
603 3202 646 3256 ed,
665 3219 706 3272 pr.
723 3231 759 3242 -
782 3199 1011 3267 admirationes]
1028 3200 1080 3254 ad·

36 3291 285 3342 mumuratioaes
303 3285 366 3352 Or.;
392 3289 442 3343 sed
460 3297 575 3358 recepta
592 3289 728 3359 scriptura
745 3287 828 3358 plane
846 3285 997 3340 defenditur
1015 3285 1078 3339 loco

38 3370 67 3424 de
83 3370 132 3428 Or.
152 3371 173 3428 l.
191 3374 239 3439 33,
259 3373 316 3427 15⁸2.
335 3402 370 3413 -
395 3373 560 3446 intellepat]
577 3376 617 3429 sic
633 3373 683 3445 ng.
696 3373 720 3426 8.
735 3373 778 3427 39.
792 3371 834 3426 51.
849 3371 892 3427 68.
910 3401 944 3411 -
969 3369 1006 3423 de
1023 3368 1077 3422 Pe·

38 3457 114 3526 ricle]
134 3457 172 3511 dc
187 3457 322 3531 plerique
339 3458 390 3512 Gn.
411 3462 434 3515 1.
451 3491 487 3500 -
513 3460 665 3526 audimus]
684 3461 724 3512 sic
740 3457 790 3529 ng.
811 3453 919 3524 omnes,
938 3455 990 3510 Gn.
1010 3455 1033 3509 1.
1051 3454 1077 3510 2.

38 3538 101 3598 Van.
115 3544 137 3597 1.
157 3543 220 3600 Vat.
240 3540 297 3598 oa.
334 3545 392 3598 Sed
410 3542 530 3600 Orellius
552 3563 586 3599 ex
604 3545 704 3598 Aldina
726 3559 786 3595 curn
810 3542 871 3594 aliis
895 3541 1077 3606 audivimas,

38 3629 105 3694 qnod
127 3644 184 3683 non
208 3629 304 3684 dicitur
324 3629 359 3684 de
377 3630 450 3684 lama
466 3637 603 3701 perpetua
623 3636 651 3682 et
670 3635 837 3698 pervagata,
861 3626 911 3680 sed
935 3627 969 3684 de
986 3644 1016 3681 re
1041 3645 1078 3682 ex

38 3711 144 3768 alicuius
158 3732 208 3768 ore
222 3724 351 3786 accepta,
370 3723 397 3768 nt
411 3716 511 3769 dudum
526 3723 602 3768 recte
616 3714 758 3784 praecepit
769 3709 955 3784 Heusingerus
972 3713 1008 3767 ad
1020 3711 1076 3769 off.

36 3793 53 3848 1.
63 3798 90 3864 6,
101 3799 125 3853 5.
135 3830 169 3839 -
188 3807 223 3855 at
236 3801 273 3853 dc
283 3799 438 3869 Aeschine]
456 3807 491 3854 at
504 3817 557 3854 om.
572 3798 614 3854 ed.
626 3815 683 3870 pm,
697 3805 733 3855 at
745 3798 783 3852 de
797 3815 850 3855 om.
868 3798 917 3871 ng.
929 3799 1030 3853 ornnes.
1040 3827 1076 3840 —-

37 3885 182 3952 maarsme]
200 3886 240 3938 sic
257 3885 326 3941 Ven.
340 3885 363 3941 l.
387 3886 447 3966 Vat.
469 3883 527 3940 Ott.
633 3945 639 3952 ⁶

99 3986 159 4043 291.
194 3991 333 4058 praetore
348 3987 465 4054 ornata]
482 3986 646 4058 praedicere
659 3985 728 4040 coni.
744 3982 847 4050 Orell,
864 3983 964 4054 probat
977 3979 1075 4050 Meye-

37 4082 86 4124 ιιι.
120 4072 273 4138 „Praestat
287 4077 458 4145 praviorem
476 4078 617 4126 ornatam
633 4070 793 4134 memorari,
811 4068 855 4137 qui
872 4073 1030 4120 versaretur
1046 4066 1076 4118 in

38 4155 126 4210 animis
144 4159 212 4224 (non
229 4163 372 4222 caracae,
392 4157 442 4213 sed
460 4156 607 4221 tadicum,
629 4157 680 4210 etsi
698 4154 764 4211 illud
783 4153 844 4208 vult
859 4151 909 4220 Β.)
927 4149 1076 4204 tractandis

39 4243 63 4288 el
80 4242 176 4310 quovis
193 4251 268 4300 motu
285 4242 491 4316 perturbandis3
514 4257 577 4301 nam
595 4242 697 4300 Calvus
720 4239 896 4296 subtilitatem
912 4235 1015 4308 Lysiae
1032 4251 1075 4290 se-
