2646 4772
167 465 171 472 .
235 401 330 476 336
556 395 956 466 EXPLlCATlONES

235 575 310 638 llinc
334 589 452 636 causam
474 570 553 654 apud
577 571 735 636 Gaesarem
756 571 855 634 dicero
881 573 978 634 iussus
997 569 1126 634 Nicaeae
1148 585 1168 631 a
1187 568 1268 632 llrnto

235 675 372 740 defensus
399 681 443 736 est
464 692 492 736 a.
515 675 586 738 tot.
628 673 663 739 V.
687 673 748 738 Cio.
769 676 828 737 Aa.
851 671 929 739 xlv.
957 676 984 736 1.
1028 673 1079 737 Sic
1098 673 1164 736 ueri
1186 669 1269 733 simile

234 785 281 841 est
300 777 422 840 Brutum
444 791 482 836 ex
500 775 542 838 eis
564 774 729 856 hospitibus
751 781 780 836 et
800 773 902 836 amicis
921 773 1057 836 Deiotari
1076 773 1185 848 inisse,
1207 789 1270 852 quo-

234 897 299 942 rum
319 878 456 960 precibus
477 884 572 938 motus
595 875 709 940 Caesar
729 876 797 955 regi
816 876 967 956 ignouisse
987 881 1127 938 narratur
1142 875 1179 936 B.
1195 873 1271 937 Alea

233 981 294 1058 68,
315 981 364 1055 3.;
387 977 440 1042 sed
460 985 558 1040 tanuen
577 984 663 1059 parte
684 977 863 1040 tetrarchiae
883 976 1021 1038 multatos
1043 983 1097 1038 est.

319 1097 368 1164 vl.
411 1095 579 1158 iudiciorum
599 1095 770 1172 castitatem]
800 1093 916 1159 Caesar
943 1095 1018 1158 enim
1042 1102 1071 1156 et
1098 1093 1211 1155 iudicia
1230 1097 1274 1152 aut

234 1201 299 1282 ipse
331 1205 382 1260 ant
411 1214 466 1280 per
498 1196 608 1259 amicos
641 1197 799 1258 exercebat
825 1205 853 1258 et
879 1204 1017 1259 accurate
1043 1192 1272 1258 administrandis

234 1299 395 1382 prouinciis
411 1297 534 1361 canabat
550 1297 587 1358 ab
606 1298 808 1360 exsedonibns
824 1296 1008 1379 praesidum3
1032 1297 1158 1360 ambitus
1176 1303 1272 1367 antem,

235 1419 312 1484 quae
338 1401 435 1462 altera
461 1405 526 1460 erat
552 1415 646 1478 eaque
673 1399 823 1460 uberrima
844 1399 1062 1460 accusationum
1084 1415 1192 1472 causa,
1218 1411 1273 1457 cun

234 1503 381 1565 dictatura
400 1507 543 1582 perpetua
564 1498 697 1561 sublatus
719 1507 793 1562 erat.
836 1499 971 1564 Silebaut
991 1501 1083 1579 igitur
1105 1505 1250 1562 oratores.

318 1621 369 1680 22.
412 1621 443 1676 tu
469 1620 606 1676 mactmts
628 1617 732 1694 causis]
759 1625 879 1697 praeter
899 1617 1037 1681 Deiotari
1062 1635 1185 1680 oausam
1211 1622 1273 1680 nota

234 1727 278 1784 est
297 1721 354 1801 Ap·
373 1716 491 1782 Claudii
512 1717 609 1780 soceri
631 1717 776 1780 defensio:
798 1719 937 1800 prolegg.
961 1720 989 1804 ξ.
1012 1718 1064 1782 52.

318 1840 370 1900 23.
412 1835 494 1912 mco]
517 1853 594 1910 rem,
616 1854 703 1916 quarn
720 1835 803 1900 diois.
834 1837 926 1898 lluius
943 1837 1124 1918 pronominis
1141 1837 1175 1898 in
1192 1839 1274 1901 Bruto

233 1938 449 2024 perfrequentis
481 1936 617 2018 exempla
645 1937 786 2016 Meyerus
814 1937 937 2016 collegit
963 1939 999 2012 3,
1030 1939 1080 2000 13.
1121 1939 1182 2013 49,
1212 1939 1275 2000 183.

136 2031 1276 2118 'mmmmmmmeMMu

232 2144 263 2206 in
280 2142 366 2204 libris
385 2138 422 2202 de
438 2139 565 2202 Oratore
586 2139 615 2199 in
634 2139 724 2201 simili
739 2149 767 2202 et
784 2141 949 2228 argumenti
966 2147 1073 2202 natura
1088 2149 1119 2203 et
1134 2139 1274 2226 tractandi

232 2259 343 2324 genere
362 2249 422 2303 tam
443 2257 514 2302 raro
537 2247 665 2302 exstare.

318 2369 346 2418 te
361 2361 527 2438 praecorum
543 2367 603 2418 tam
620 2357 756 2436 cadmeo]
780 2359 911 2422 Orellius
928 2359 1128 2442 explicaturi
1145 2363 1276 2424 modium.

233 2459 294 2526 Sed
316 2459 444 2524 dubitari
471 2477 530 2521 non
552 2467 649 2541 potest
670 2461 799 2542 spectari
822 2462 974 2525 Gioeronis
1000 2463 1031 2524 in
1051 2459 1275 2526 adolescentium

233 2561 376 2641 egregiae
396 2560 460 2640 spei
480 2560 608 2639 ingeniis
626 2559 794 2624 erudiendis
817 2561 1006 2640 industriam,
1028 2563 1065 2626 de
1086 2582 1149 2644 pua
1172 2567 1277 2646 eginum

233 2661 373 2744 prolegg.
396 2661 423 2746 §.
447 2662 497 2724 39.

315 2781 367 2873 34.
409 2787 469 2838 tum
495 2779 618 2856 lmmttb]
645 2781 819 2862 perstringit
843 2781 1055 2859 Caesarianos,
1083 2785 1136 2866 qui
1164 2785 1277 2850 dedetis

231 2882 365 2963 partibus
383 2879 540 2942 senatoriis
558 2878 597 2942 ad
614 2899 740 2946 summos
756 2884 883 2946 bonores
900 2883 1010 2946 sublati
1025 2891 1107 2962 sunt,
1124 2885 1276 2960 Vatinium,

231 2981 343 3044 Folium
374 2981 531 3057 Calenum,
564 2980 720 3044 Caninium
746 2983 881 3046 Rebilum
916 2993 944 3047 et
974 2986 1021 3048 bis
1052 2987 1167 3050 similes
1197 2990 1276 3052 alios

231 3081 371 3146 Senatum
391 3082 437 3144 bis
459 3083 599 3164 purgarit
617 3084 782 3164 Augustus:
804 3105 832 3150 r.
855 3086 937 3150 Suet.
960 3088 1038 3167 Aug·
1062 3088 1114 3152 35.

317 3201 367 3266 25.
410 3209 472 3261 orte
487 3205 683 3280 purtotur—
703 3207 763 3264 stoc
779 3207 894 3284 acturo]
915 3205 1007 3288 paulo
1025 3206 1114 3270 aliter
1131 3210 1278 3290 quaestio-

230 3321 296 3366 nem
316 3301 384 3364 inde
402 3301 590 3366 aPlatonico
612 3298 701 3366 illo
684 3299 861 3391 ρητορικῆν
879 3329 964 3372 οιναι
979 3331 1000 3392 η
1019 3303 1133 3392 τέχνην
1151 3301 1175 3396 ἢ
1193 3299 1276 3389 α’τεχ-

230 3426 287 3470 νον
304 3393 420 3488 τριβήν
435 3403 554 3466 multum
571 3405 714 3490 agitatam
729 3409 867 3472 tractauit
881 3408 959 3472 libro
976 3410 1071 3492 primo
1088 3407 1128 3471 de
1144 3411 1277 3485 Oratore,

229 3505 281 3567 ubi
301 3505 429 3568 Antonio
454 3512 590 3582 naturae,
614 3504 724 3570 Crasso
747 3509 820 3570 artis
840 3511 1035 3592 patrocinium
1053 3527 1109 3592 pro
1126 3513 1277 3594 utriusque

229 3605 349 3683 ingenio
377 3605 528 3686 aptissime
554 3606 754 3684 demandarit3
781 3617 906 3672 naturae
934 3619 1031 3674 antem
1058 3619 1205 3694 maguam
1231 3631 1276 3676 ne-

230 3705 391 3767 cessarium
416 3704 610 3769 adiumentum
631 3709 775 3772 Antonius
797 3710 931 3792 adiungit
954 3714 1211 3778 exercitationem.
1249 3714 1277 3778 lu

139 3881 141 3885 ¹
229 3805 322 3870 Bruto
354 3805 484 3867 imitatur
511 3808 700 3871 Aristotelem
727 3811 860 3894 Metapb.
888 3813 937 3879 Vl.
960 3817 989 3877 7.
1016 3817 1161 3897 p.139.,
1199 3834 1275 3898 quen

227 3907 326 3972 locum
342 3905 483 3972 indicauit
496 3907 682 3991 Bernhardy:
699 3911 765 3975 τῶν
781 3909 818 3979 δὲ
833 3911 1031 3996 γιγνομένων
1045 3910 1088 3980 τὰ
1104 3911 1275 4002 μὲνφύσει

227 4003 401 4126 piprcccu,
400 4003 458 4072 coi
480 4005 575 4074 de'
538 4032 645 4098 τοχνῃ,
672 4033 714 4076 τοι
736 4005 813 4080 δὲ’
794 4010 864 4079 απὸ
887 4006 1116 4096 ταύτομάτου,
1129 4025 1177 4080 et
1199 4035 1274 4080 mox:

227 4108 338 4174 πᾶσαι
364 4099 396 4172 d’
422 4101 506 4175 siclo
533 4105 570 4175 oi
591 4105 791 4198 ποιήσειςῆ
813 4107 884 4181 απὸ
910 4107 1067 4200 udpmpc’*
1045 4141 1065 4202 η
1089 4107 1160 4183 ἀπὸ
1184 4108 1276 4184 dord-

227 4219 316 4284 μεως
336 4199 359 4291 ἢ
381 4199 451 4273 ἀπὸ
474 4206 633 4288 διανοίας
744 4277 746 4281 ,
