2674 4782
308 429 504 500 BRUTUS
527 430 616 502 GAP.
639 431 691 500 61.
713 432 765 499 02.
968 433 1057 504 252

25 605 116 662 natum
138 616 185 663 -se
214 593 354 665 Caesare
382 600 511 667 consule
537 620 601 667 uon
627 600 796 678 accedere,
829 598 886 665 sed
915 600 946 665 id
973 600 1056 668 dieat

24 715 82 800 ipso
104 715 232 782 consule
254 719 362 783 emens
391 738 408 782 e
431 727 550 783 senatu.
593 715 660 784 Iam
682 720 735 810 qui
756 717 818 783 hac
839 726 926 804 parte
950 717 1054 797 animi,

23 850 101 915 quam¹
125 842 231 902 custos
260 843 308 904 est
327 843 513 900 *ceterarum
539 836 647 919 ingeni
674 837 823 922 partium,
852 845 916 900 tam
942 833 1057 902 debilis

23 958 111 1028 esset,
143 961 177 1016 ut
209 955 248 1017 ne
283 952 316 1016 in
345 951 460 1038 scripto
493 951 616 1038 quidem
643 955 835 1019 meminisset
863 952 936 1038 quid
960 949 1056 1040 ¹paulo

23 1076 82 1131 ante
103 1070 277 1153 posuisset,
299 1067 372 1134 huie
393 1070 519 1134 minime
543 1071 652 1134 mirum
669 1078 717 1135 est
734 1090 773 1135 ex
787 1080 924 1156 tempore
941 1069 1058 1138 dicenti

21 1181 133 1249 solitam
156 1183 285 1251 effluere
307 1195 449 1252 mentem.
486 1187 560 1252 220.
582 1185 689 1272 Itaque
706 1207 774 1253 oum
797 1189 827 1252 ei
845 1195 904 1252 nee
921 1187 1057 1254 officium

23 1298 135 1368 deesset
171 1311 203 1367 et
218 1299 379 1387 ‘flagraret
404 1303 506 1370 studio
535 1303 675 1379 beandi,
707 1304 883 1391 perpaucae
914 1305 955 1370 ad
985 1325 1056 1371 eum

24 1436 127 1484 causae
150 1417 379 1485 deferebantur.
422 1417 536 1486 Orator
557 1430 658 1486 autem
679 1423 760 1487 vivis
780 1423 849 1487 eius
868 1421 1057 1507 aequalibus

23 1552 173 1618 proxumus
201 1539 333 1624 optumis
366 1537 586 1602 numerabatur
615 1547 741 1624 propter
770 1537 935 1606 verborum
961 1539 1055 1606 honi-

24 1659 116 1730 tatem,
141 1661 177 1718 ut¹
196 1662 267 1718 ante
289 1653 367 1731 diri,
391 1664 421 1719 et
443 1655 617 1740 expeditam
640 1675 678 1721 aa
699 1653 901 1741 profluentem
919 1657 1054 1741 quodam

26 1769 101 1835 nodo
116 1769 317 1836 celeritatem.
347 1768 454 1856 itaque
472 1773 539 1836 eius
557 1774 717 1838 orationes
733 1772 933 1858 aspiciendas
949 1781 1056 1836 tamen

26 1903 132 1953 censeo.
154 1886 328 1953 sunt‘ilise
348 1888 472 1972 quidem
486 1889 719 1972 languidiores,
737 1908 845 1954 verum
860 1898 966 1954 tamen
980 1907 1055 1974 pos-

29 2013 84 2068 sunt
103 2023 220 2090 augere
240 2015 270 2070 et
288 2007 379 2090 quasi
397 2003 483 2070 alere
506 2005 538 2069 id
553 2005 684 2081 bonum,
706 2005 790 2088 quod
807 2007 841 2068 in
862 2003 918 2069 illo
936 2004 1056 2070 medio-

29 2121 105 2186 criter
118 2121 219 2190 fuisse·
235 2122 449 2188 concedimus:
474 2121 556 2207 quod
570 2121 665 2186 hahet
680 2129 798 2186 tantam
814 2121 886 2200 vim,
907 2129 940 2186 ut
954 2121 1055 2186 sotum
1121 2111 1133 2136 ’

28 2236 81 2302 sine
105 2239 213 2305 aliis
202 2261 238 2305 m
260 2237 396 2306 Curione
425 2241 562 2326 speeiem
588 2240 723 2306 oratoris
751 2237 884 2306 alieuius
906 2237 1053 2306 effecerit.

28 2349 79 2420 Sed
95 2357 132 2422 ad
152 2359 296 2424 instituta
315 2357 490 2424 redeamus.
565 2407 569 2414 .

94 2470 187 2540 LXII.
217 2475 291 2539 221.
321 2473 356 2539 dn
382 2475 493 2541 eodem
513 2475 608 2559 igitur
628 2491 757 2540 numero
778 2471 918 2538 eiusdem
940 2419 1054 2540 aetatis

30 2583 55 2652 0.
74 2587 168 2660 Carbo
190 2593 268 2672 fuit,
298 2564 383 2658 illius
406 2593 741 2680 eloquentissmniriri
763 2587 862 2670 filius,
887 2591 1052 2658 nonsatis

77 2775 117 2819 210.
141 2778 165 2818 ta
178 2780 284 2819 seratam
263 2775 317 2832 m]
311 2787 333 2818 ιιι
346 2787 401 2819 sena
402 2782 433 2821 tn.

32 2900 190 2965 quantumque
217 2895 303 2949 sibi
295 2913 355 2966 ipse
376 2900 556 2966 repugnasset
578 2889 723 2944 monstrari
747 2887 886 2952 debuerit,
912 2904 968 2942 non
989 2889 1055 2944 sads

31 2977 175 3034 manifestum
193 2979 229 3034 fit
245 2977 376 3050 flagitium
393 2979 476 3047 iilud,
494 2978 548 3032 nisi
566 2959 667 3029 mentio
684 2971 735 3027 fiat
753 2972 788 3052 da
797 2965 926 3026 Caesare
944 2973 1056 3028 consule

31 3056 211 3124 ΡΙιιιίιιιιιιιιιιι
242 3063 428 3135 Bernhardy.

83 3186 149 3245 ΙιΧΙ.
182 3188 246 3245 ata.
279 3188 542 3262 praeterissent1'
521 3205 560 3242 sic
571 3186 621 3258 hg.
634 3191 746 3258 praeter
760 3181 802 3237 20.
821 3195 930 3248 ornnes,
947 3177 1018 3234 Van.
1032 3180 1055 3234 1.

32 3264 71 3324 Gt.
83 3271 103 3327 1.
126 3273 167 3328 ed.
181 3291 226 3346 pr.
255 3279 479 3347 praeteriissent
495 3271 561 3328 Era.
580 3287 639 3340 sqq.
658 3301 693 3310 -—
720 3274 751 3324 io
767 3267 914 3334 senatum]
930 3265 1058 3340 Lambini

32 3348 86 3408 haee
99 3360 232 3429 scriptura
248 3357 373 3413 firmatur
391 3357 503 3430 Lg.·ao.
520 3357 561 3412 35.
581 3357 621 3410 56.
657 3354 728 3410 Reli.
747 3363 775 3408 et
793 3352 855 3408 edd.
867 3361 941 3426 ¹vett.
964 3357 997 3406 ire
1014 3367 1056 3406 se·

36 3447 101 3499 ada.
133 3443 205 3498 Mox
223 3444 265 3500 ed.
285 3461 326 3516 pr.
345 3443 398 3498 sed
415 3451 442 3498 et
459 3443 492 3498 id
511 3443 608 3498 dieat:
628 3444 693 3514 ipse
712 3457 771 3496 eos.
791 3441 893 3492 exieras
910 3455 926 3490 e
943 3443 1056 3492 senata.

84 3566 138 3624 220.
152 3564 155 3570 ’
168 3572 352 3643 proxumus]
370 3572 410 3625 sic
427 3568 477 3640 Lg.
497 3577 608 3638 praeter
623 3566 666 3620 20.
685 3565 743 3629 50,
763 3565 827 3616 item
845 3559 902 3616 on.
916 3591 952 3600 -
975 3569 1056 3635 optu-

33 3649 89 3716 mdi]
103 3653 139 3706 sic
155 3654 205 3726 Lg.
224 3663 335 3726 praeter
351 3655 393 3709 20.
409 3653 450 3710 30.
467 3653 508 3708 56.
525 3653 567 3708 58.
596 3653 750 3724 oportunis
767 3648 809 3702 58.
827 3677 861 3689 -
882 3645 1056 3717 bonitatem]

32 3739 190 3792 rartetatem
204 3741 246 3794 ed.
259 3757 300 3810 pr.
312 3769 348 3783 —
367 3757 403 3794 ac
410 3737 620 3812 profluentem]
635 3741 663 3788 et
671 3736 759 3808 profi.
776 3734 826 3788 Gn.
838 3735 861 3788 l.
875 3763 909 3774 --
927 3735 1058 3804 quodam

33 3819 115 3888 modo]
134 3823 255 3890 divisim,
275 3833 304 3877 nt
321 3842 428 3894 semper
445 3821 629 3886 scribendum,
646 3819 695 3890 Lg.
707 3819 731 3873 8.
744 3819 786 3874 30.
801 3819 843 3872 70.
859 3850 890 3860 -
911 3823 1057 3890 aspiciere·

34 3896 87 3970 dus]
107 3905 164 3962 libri
192 3926 287 3964 omnes
308 3909 368 3964 sina
390 3910 472 3964 d.—
502 3905 705 3972 mediocriter]
727 3903 878 3957 mediocre
896 3901 1058 3954 Schneideri

33 3988 133 4054 suspicio
151 4010 195 4062 ep.
215 3996 261 4048 ad
267 3995 468 4066 Langerump.
487 3991 529 4045 30.
564 3989 651 4044 Recte
670 3987 734 4041 dicit
753 3983 934 4052 Bernhardy,
957 3983 986 4034 id
1004 3982 1057 4034 Cu·

33 4065 101 4125 rionis
117 4074 179 4130 bnic
197 4079 434 4149 quantulocunque
451 4078 526 4130 bono
544 4089 600 4126 non
617 4072 685 4126 nibil·
701 4072 782 4125 etiam
801 4067 953 4122 detrahere
984 4063 1057 4118 Nam

34 4156 213 4215 canaonem
205 4181 233 4218 ιιι
250 4165 341 4234 aliquo
359 4163 552 4218 mediocriter
570 4157 666 4211 dicitur
678 4172 754 4221 esse,
772 4155 795 4207 is
814 4154 842 4206 in
856 4169 890 4206 ea
903 4166 934 4204 re
951 4148 1059 4201 minime

34 4237 104 4298 malus
123 4261 185 4300 esse
201 4249 348 4312 iudicatur,
365 4249 389 4302 si
408 4245 481 4316 quod
498 4235 661 4304 mediocre,
679 4255 735 4294 non
751 4254 819 4294 sane
835 4237 932 4292 bonus.

810 4341 852 4408 17
