2674 4776
345 469 509 543 BRUTU
516 477 539 543 S
568 479 658 548 GAP.
682 485 733 552 88.
752 485 803 554 80.
998 503 1096 576 805

48 630 213 716 copiosus3
247 653 346 724 eaque
378 651 445 708 erat
476 663 545 715 oum
578 667 699 720 summo
727 657 945 742 ingeniorum
973 672 1094 740 exerei-

45 748 216 816 tatiouibus
238 761 391 825 maxumis
413 775 608 832 consecutus.
646 768 724 838 Rem
746 777 1009 864 complectebatur
1029 809 1094 856 me-

45 867 174 932 moriter
205 867 364 941 divideb‘at
398 889 493 954 acute.
520 903 579 951 nec
608 895 873 972 praetermittebat
903 899 971 968 fere
1007 907 1094 990 quie-

45 1001 153 1066 quam,
185 989 269 1074 quod
294 1003 380 1060 esset
402 997 435 1060 in
459 1017 557 1066 rausa
579 1011 631 1092 aut
653 1005 693 1070 ad
715 1009 956 1084 confirmandum
979 1031 1031 1088 aut
1053 1025 1093 1092 od

40 1099 259 1172 refellendum.
296 1107 365 1177 Vox
382 1133 501 1182 canora
519 1127 549 1185 et
564 1124 685 1188 suavis:
707 1137 807 1195 motus
826 1141 856 1198 et
873 1145 981 1219 gestus
998 1141 1092 1208 etiam

39 1215 104 1301 plus
139 1225 223 1288 artis
243 1223 396 1309 habebat,
424 1253 517 1318 quam
539 1249 607 1304 erat
629 1246 746 1310 oratori
769 1251 857 1316 satis.
900 1249 968 1322 Hos
995 1258 1090 1343 igitur

39 1332 228 1408 ioreseente
248 1341 383 1414 Crassus
397 1360 449 1416 est
469 1364 605 1422 mortuus
625 1355 715 1427 Cotta
729 1363 837 1450 pulsus
856 1369 975 1440 iudicia
993 1375 1088 1444 inter-

40 1453 135 1521 missa
157 1456 262 1540 bello;
284 1483 343 1530 nos
365 1468 397 1532 iu
419 1467 519 1536 iorum
542 1479 692 1544 venimus.

118 1571 305 1646 LXXXIX.
328 1583 399 1650 304.
422 1583 498 1654 Erat
516 1587 701 1662 Hortensius
723 1599 862 1694 inbelle
882 1607 982 1692 primo
1002 1629 1084 1680 anno

41 1689 140 1772 miles,
171 1693 272 1764 altero
294 1699 438 1770 tribunus
466 1707 611 1790 militum3
637 1710 796 1801 Sulpicius
816 1719 941 1804 legatus
964 1726 1084 1806 aberat,

42 1809 126 1874 etiam
160 1811 339 1898 Antonius3
369 1823 575 1892 exercebatur
606 1849 668 1896 nna
701 1831 773 1918 lege
806 1836 954 1906 iudicium
988 1839 1085 1910 Varia

42 1931 145 1996 ceteris
173 1944 300 2020 propter
328 1935 446 2006 bellurn
471 1945 674 2014 intermissis:
703 1952 754 2016 eui
776 1951 923 2047 frequens
944 1957 1082 2042 aderam,

41 2063 211 2134 quanquam
232 2073 289 2139 pro
312 2034 350 2120 se
378 2057 440 2144 ipsi
462 2059 608 2128 dicebant
633 2075 774 2136 oratores
796 2089 860 2136 non
886 2071 935 2136 illi
958 2076 1081 2160 quidem

41 2165 187 2263 principes
205 2166 243 2237 L.
255 2169 422 2240 Memmius
441 2185 472 2243 et
490 2175 527 2257 Q.
538 2177 720 2268 Pompeius,
742 2187 799 2252 sed
818 2198 960 2258 oratores
976 2201 1080 2262 tamen

40 2288 107 2349 teste
135 2285 256 2356 diserto
282 2300 411 2378 uterque
433 2287 594 2384 Philippo,
624 2305 712 2370 euius
742 2307 775 2370 in
802 2309 981 2378 testimonio
1004 2331 1078 2380 eon-

40 2403 123 2468 tentio
144 2416 176 2472 et
200 2409 263 2474 vim
285 2415 480 2480 accusatoris
499 2413 638 2494 babebat
658 2431 689 2486 et
712 2427 844 2511 copiam.
866 2427 960 2494 ,308
990 2427 1077 2499 Reli-

42 2519 98 2598 qui,
128 2525 183 2608 qui
215 2533 278 2592 tum
306 2529 463 2618 principes
492 2537 749 2618 numerabantur,
780 2545 811 2610 in
840 2549 1076 2632 magistratibus

92 2721 135 2765 004.
161 2725 205 2767 eur·
217 2725 324 2782 frequens
337 2729 439 2787 aderam]
454 2737 492 2788 qui
504 2735 635 2809 trequentes
649 2741 750 2784 aderant.

96 2890 152 2950 303.
191 2911 260 2950 rum
278 2901 404 2968 summo]
423 2906 486 2955 tum
503 2919 526 2956 s.
545 2902 596 2974 Lg.
615 2903 657 2959 00.
677 2875 710 2944 ’-
739 2911 904 2978 manumtr]
923 2911 962 2965 sio
977 2911 1028 2988 115.
1046 2915 1072 2971 8.

40 2968 73 3026 35.
88 2975 126 3034 51.
144 2979 188 3035 58.
213 2977 270 3036 ou.
288 3013 323 3024 -
339 2983 418 3039 'erat
435 2989 563 3056 oratori]
585 2995 651 3042 erut
670 3006 722 3044 om.
742 2990 786 3045 ed.
804 3007 845 3062 pr.

95 3071 261 3140 LXXXIX.¹
282 3085 343 3142 804.
378 3087 536 3158 Antonius]
553 3087 597 3144 M.
615 3087 771 3161 praefixum
785 3091 879 3147 omisi:
897 3111 923 3150 v.
938 3095 1021 3167 Expl.
1037 3099 1072 3154 de

41 3155 81 3217 0r.
96 3163 137 3222 lii.
158 3168 190 3235 l,
207 3169 232 3224 4.
246 3155 287 3212 '—
318 3175 368 3226 oni
383 3173 524 3244 frequens
549 3174 687 3248 aderam]
712 3176 783 3232 baec
808 3177 851 3234 ed.
869 3195 911 3250 pr.
936 3181 1073 3252 scriptura

38 3254 101 3302 reete
118 3253 253 3324 explicata
274 3255 309 3310 ab
325 3253 433 3311 Oreliio
456 3261 645 3330 suppeditatur
666 3264 750 3332 etiam
770 3263 890 3335 piurimis
906 3265 992 3324 libris.
1028 3267 1072 3324 Ab

39 3327 98 3386 Aldu
114 3337 177 3393 inde
195 3339 320 3395 traditum
339 3351 399 3397 eret
417 3347 469 3414 qut
483 3344 651 3419 frequentes
667 3349 811 3414 aderunt,
829 3353 966 3406 sententia
982 3351 1071 3419 uulla3

39 3409 172 3479 bantinus
190 3434 338 3494 praeterea
358 3433 473 3484 rantum
495 3431 570 3486 dedit
590 3451 641 3504 pro
661 3451 837 3506 quanquam.
873 3437 1000 3494 Sedent
1018 3455 1070 3509 pro

40 3501 327 3578 torignanum.
354 3510 411 3569 Ott.
447 3515 588 3587 frequens
613 3517 665 3590 Lg.
690 3537 786 3574 omnes
810 3531 922 3592 praeter
941 3522 980 3589 8.,
1005 3523 1070 3579 item

39 3578 96 3640 Ven,
109 3589 130 3644 1.
148 3593 201 3649 Gu.
216 3593 239 3650 l.
252 3595 277 3652 2.
296 3593 354 3652 On.
391 3599 515 3654 aderam
531 3601 582 3671 Lg.
598 3619 692 3656 omnes
707 3613 818 3673 praeter
831 3605 871 3660 00.
884 3607 920 3680 (is
937 3607 1069 3680 aderat),

38 3662 90 3724 bem
104 3674 173 3746 Ven.
191 3679 214 3734 l.
236 3681 287 3738 Gu.
306 3682 329 3739 l.
351 3680 408 3738 Ott.
435 3669 629 3742 'schneiderus
646 3685 819 3758 frequenter
835 3693 985 3764 scripturus
1000 3705 1069 3766 erat,

39 3748 131 3820 ignarus
147 3767 296 3832 sermonis3
320 3767 481 3826 Schuetnius
495 3778 588 3826 cetera
605 3779 634 3824 ut
651 3772 731 3828 codd.
751 3775 804 3842 illi,
826 3777 877 3831 sed
895 3795 1069 3852 quareqmam

38 3832 60 3887 ¹¹¹
76 3857 136 3898 uum
152 3851 280 3918 mutnvit,
300 3851 481 3910 Buttmannus
501 3855 618 3910 coniecit
638 3863 711 3912 teste
729 3859 842 3916 diseno
859 3868 973 3918 utentes
990 3872 1068 3918 nter-

39 3933 84 3986 que
103 3927 257 4008 Philippo,
284 3937 359 4007 quod
382 3939 462 3994 etiem
488 3941 516 3994 in
541 3946 637 3994 nosne
659 3943 796 4014 scriptura
817 3943 896 3998 inest.
939 3944 1067 4007 Ceterum

38 4011 141 4082 uterque
165 4025 239 4074 teste
264 4023 320 4078 dis.
337 4022 416 4083 Pbtl.
442 4023 494 4096 Lg.
511 4023 553 4080 51.
585 4032 709 4100 utroque
725 4027 767 4084 00.
791 4054 827 4070 ·-
858 4029 942 4082 cuine
966 4029 1010 4097 tn]
1035 4032 1067 4086 a'rt

39 4096 159 4157 ⁰¹11.Veu.
177 4103 202 4158 2.
228 4107 272 4160 ed.
292 4125 332 4180 pr.

92 4198 148 4257 305.
184 4209 260 4276 tuna]
272 4214 342 4265 tuno
351 4209 393 4266 ed.
403 4227 489 4282 ρη-
505 4209 751 4280 numerabantur]
760 4181 909 4266 montinab.
918 4210 1065 4282 [1339.-

39 4277 63 4331 0
73 4273 304 4364 maqnoarrtos]
321 4297 353 4352 tn
367 4311 419 4352 oru.
435 4293 487 4369 Gn.
503 4297 526 4352 1.
540 4323 575 4341 ν-
600 4296 776 4392 cotidieque]
791 4295 843 4368 hg.
856 4295 898 4352 53.
918 4293 976 4354 Ott.
986 4296 1065 4352 idem

810 4395 854 4461 20
