2646 4772
346 379 542 450 BRUTUS
566 379 657 454 GAP.
679 385 732 452 03.
754 385 806 453 ut.
1011 387 1097 462 ulti

69 549 113 634 qui
145 547 275 616 dilatare
306 560 414 638 posset
449 561 544 638 atque
573 571 593 620 a
620 555 811 642 propriaue
837 553 964 626 definita
991 557 1097 646 dispu-

68 668 170 734 tatione
195 667 330 738 hominis
359 689 397 740 aa
423 671 571 758 temporis
600 669 641 738 ad
669 691 861 742 communem
882 675 1098 762 quaestionem

68 787 191 854 universi
222 787 350 872 generis
383 790 554 861 arationem
586 789 771 872 traducere3
806 813 918 874 neme,
955 795 1008 881 spui
1040 794 1096 862 de-

67 903 188 972 lectandi
209 908 314 992 matie
335 905 459 992 digredi
480 926 645 996 parumper
666 929 687 976 a
708 927 820 991 eausa,
847 931 958 992 nemu,
979 913 1032 999 qui
1055 913 1097 982 ad

66 1023 247 1092 iracundiam
271 1045 386 1112 magua
409 1045 503 1114 opere
529 1025 680 1108 iudicem,
708 1049 816 1108 nemo,
845 1033 898 1118 pui
926 1029 967 1098 ad
992 1029 1097 1100 letum

64 1153 159 1228 posset
188 1143 361 1225 adducare3
392 1164 499 1224 nemo,
533 1147 586 1232 qui
615 1147 750 1216 animum
775 1149 859 1227 eius,
874 1125 879 1132 ¹
893 1147 976 1236 quod
1001 1167 1096 1218 unum

65 1269 106 1326 ast
127 1264 260 1330 oratoris
282 1280 424 1334 maxume
447 1265 620 1354 proprium,
643 1285 827 1354 quoeunque
849 1285 902 1336 res
923 1265 1096 1355 postularet

63 1378 221 1466 impellere.
255 1447 260 1459 ,
732 1473 738 1484 Ι

135 1495 246 1566 xciv.
273 1498 346 1567 303.
373 1496 480 1587 ltaque
509 1519 579 1570 eum
606 1502 669 1570 iam
690 1521 791 1591 paene
813 1503 994 1572 evanuisset
1014 1499 1095 1572 Her-

60 1617 168 1684 tensius
197 1625 228 1684 et
255 1637 316 1705 ago
345 1637 427 1686 auno
455 1637 540 1699 meo,
567 1629 655 1690 sautu
685 1631 787 1690 autem
813 1631 883 1709 post
909 1620 998 1690 illum
1020 1641 1096 1690 eun·
1206 1689 1208 1692 .

61 1733 149 1802 sulem
178 1735 290 1804 consul
320 1736 422 1806 laetus
450 1755 569 1816 essem,
596 1755 747 1808 revocare
775 1758 811 1806 se
842 1739 883 1806 ud
910 1739 1095 1806 industriam

60 1855 167 1941 erepit,
195 1875 253 1934 ne,
281 1875 351 1924 eum
376 1873 472 1943 pares
492 1853 611 1924 honore
633 1875 790 1934 essemus,
817 1854 925 1942 aliqua
945 1875 980 1925 re
1002 1875 1095 1944 supe·
1201 1906 1203 1915 .

58 1972 150 2042 riores
178 1973 365 2044 videremur.
408 1971 465 2058 Sie
493 1973 657 2042 duodecim
681 1984 752 2062 post
777 1993 879 2042 meum
900 1974 1096 2044 consulatum

58 2108 150 2160 annus
176 2094 212 2160 in
232 2093 385 2164 maxumis
407 2094 529 2168 eausis,
560 2111 629 2160 eum
649 2103 712 2178 *ega
733 2090 810 2160 mihi
830 2091 932 2170 illum,
962 2091 1024 2160 sili
1045 2113 1094 2162 me

56 2208 105 2278 ille
125 2210 306 2290 anteferret,
328 2211 590 2311 coniunctissuma
610 2212 730 2279 versati
752 2229 876 2288 sumus3
898 2210 1096 2280 consulatus-

57 2347 109 2414 que
126 2349 231 2410 meus,
252 2331 306 2417 qui
327 2329 415 2396 illum
431 2331 530 2418 prime
549 2329 663 2400 leuiter¹
677 2331 913 2416 perstrinxerat,
937 2329 1020 2398 idem
1034 2349 1095 2398 nus

55 2466 150 2516 rerum
178 2469 317 2518 mearum
345 2457 520 2536 gestarum,
549 2467 628 2535 quas
656 2445 711 2516 ille
743 2446 971 2528 admirabatur,
999 2447 1095 2518 laude

54 2569 261 2636 coniunxerat.
305 2565 377 2636 uri.
405 2565 553 2636 Maxume
581 2586 657 2634 vero
678 2576 844 2656 perspecta
865 2577 913 2636 est
934 2569 1095 2655 utriusque

53 2697 188 2756 nostrum
215 2688 398 2756 exercitatio
421 2685 516 2774 paulo
546 2694 633 2764 ante,
662 2705 754 2772 quam
781 2688 977 2773 perterritum
998 2688 1094 2756 armis

110 2923 157 2965 322.
184 2921 304 2965 traducere
316 2940 342 2952 -
355 2917 480 2974 impellere]
495 2915 624 2960 traduceret
636 2938 663 2948 -
676 2915 808 2971 impelleret.

50 3091 85 3148 tt.
104 3089 150 3144 58.
179 3085 249 3141 Ven.
269 3087 291 3142 l.
319 3084 376 3142 0tt.
395 3114 431 3131 ·-
457 3088 623 3144 orultmtem
641 3083 809 3156 traducere]
826 3084 950 3158 plerique
968 3085 1048 3142 codd.
1066 3097 1095 3143 et

50 3177 89 3236 sd.
109 3189 155 3250 pr.
176 3191 219 3228 or.
238 3173 421 3236 traduceret,
448 3173 549 3246 quippe
570 3187 643 3243 quae
657 3169 742 3226 'verbi
760 3170 849 3228 forma
864 3169 947 3228 modo
965 3170 1096 3228 affuisset.

49 3262 103 3317 Sed
127 3267 249 3314 nostram
275 3259 455 3329 scripturum,
482 3273 563 3329 quam
586 3257 671 3312 suasit
693 3255 840 3323 Erueatus,
868 3255 942 3310 clara
965 3255 1096 3311 exhibent

49 3346 96 3420 Lg.
117 3345 162 3400 53.
181 3343 222 3400 58.
242 3343 285 3400 70.
312 3341 546 3400 traducet-erret
562 3343 587 3400 8.
607 3373 642 3384 -
669 3341 800 3415 stuprarit]
823 3341 962 3414 dippredt
984 3341 1033 3414 Lg.
1052 3341 1095 3396 35.

50 3429 175 3504 depredt
186 3429 281 3486 Lami).
293 3459 326 3470 -—
347 3445 457 3503 meque
472 3431 571 3504 opere]
585 3431 625 3486 sie
637 3429 688 3501 Ing,
698 3429 723 3484 8.
734 3427 776 3484 39.
787 3429 828 3484 51.
839 3426 881 3481 70.
889 3453 926 3466 —-
942 3429 1096 3498 manume]

49 3519 85 3572 sic
102 3516 157 3590 hg.
171 3516 197 3574 8.
214 3515 256 3570 51.
270 3515 312 3570 53.
330 3514 373 3572 68.
389 3515 429 3570 70.
443 3545 477 3559 -·
501 3515 662 3588 impellere]
681 3514 725 3568 hie
741 3511 905 3568 infinitivum
923 3512 997 3568 solus
1013 3511 1096 3568 habet

49 3599 164 3668 Oltam,
179 3609 208 3656 ut
225 3601 313 3656 voluit
331 3609 395 3672 post
411 3600 568 3656 Manutium
584 3599 727 3656 Ernestus.
782 3647 784 3650 .

114 3735 215 3792 xciv,
250 3733 310 3790 303.
345 3737 510 3804 maxumis]
535 3735 575 3790 sie
596 3733 648 3806 mg.
674 3733 700 3788 8.
725 3730 767 3788 35.
793 3730 835 3787 51.
858 3729 900 3788 53.
925 3732 965 3788 58.
988 3733 1031 3788 68.
1052 3733 1095 3788 70.

50 3821 104 3880 Ott
128 3853 164 3863 -
195 3837 262 3876 eum
284 3823 350 3894 eye]
376 3827 443 3878 tum
466 3837 519 3894 epe
547 3819 598 3874 Gu.
619 3817 641 3872 1.
663 3847 700 3862 ν-
730 3817 790 3875 atla
812 3835 860 3872 me
883 3817 943 3886 tlte]
969 3819 1019 3873 tlte
1041 3835 1094 3871 om.

50 3910 116 3965 Ven.
130 3908 154 3963 1.
172 3937 207 3947 -
231 3907 491 3974 contumeliarum]
508 3903 603 3976 scripsi
621 3905 680 3960 sine
696 3904 786 3972 libris,
807 3905 869 3973 qula
886 3907 899 3956 t
914 3901 1095 3971 superlativo-

49 4012 108 4048 rum
123 3995 153 4048 in
165 3992 255 4048 Bruto
271 3993 352 4064 plane
370 3992 530 4046 solitarium.
545 4021 579 4030 -
604 3989 716 4058 leuiter]
728 3989 841 4043 'leniter
853 3986 904 4057 Lg.
919 3993 1030 4057 praeter
1041 3983 1095 4050 39„

51 4081 114 4135 item
131 4079 204 4134 Verr.
225 4079 248 4133 Ι.
265 4078 291 4134 l.
311 4077 339 4132 id
355 4075 400 4132 hic
417 4093 472 4132 non
489 4075 624 4148 ineptum3
644 4075 718 4146 quod
735 4089 800 4128 raro
818 4069 858 4128 fit.
1037 4071 1038 4075 ’

118 4215 179 4274 tat.
214 4214 369 4284 mwatme]
390 4214 429 4269 ita
446 4211 497 4284 Lg.
517 4217 627 4284 praeter
643 4212 687 4269 20.
703 4207 745 4266 39.
759 4207 817 4276 dd,
840 4208 904 4264 item
918 4201 975 4262 oa.
988 4233 1022 4246 -·
1048 4203 1094 4262 ed·
