2660 4776
204 409 354 480 uuuvls
375 409 674 495 ELOQUENTIAE
694 409 799 482 ROM.
820 411 929 483 HIST.
999 413 1090 490 loo

521 633 547 718 a.
569 639 621 700 rr.

294 745 441 806 Orationes
458 752 579 824 scriptae
596 759 624 806 et
642 751 836 808 commentarii.

131 872 286 938 Orationes
314 881 412 938 autem
436 892 491 939 nec
520 874 557 938 de
585 876 695 958 scripto
723 875 842 938 habitae
868 879 934 939 sunt
955 871 1008 954 (⁷)
1037 891 1093 940 nco

55 973 134 1052 uulgo
151 975 209 1036 nisi
226 975 338 1056 capita,
354 975 478 1038 exordia
494 977 619 1038 maxime
636 984 664 1038 et
679 977 898 1058 perorationes,
920 983 988 1038 ante
1004 994 1092 1057 rpram

56 1073 207 1152 diceretur,
236 1077 345 1138 chartis
369 1075 516 1140 mandata.
559 1077 648 1154 Nam,
677 1078 772 1158 inquit
793 1077 914 1152 Cicero,
942 1078 1092 1141 orationes

55 1175 205 1256 pleraeque
235 1177 355 1239 habitae
385 1177 569 1254 scribuntur,
601 1197 661 1242 nou
692 1185 724 1240 ut
753 1177 917 1240 habeantur
937 1173 999 1256 (⁸).
1046 1177 1093 1240 lta

55 1276 173 1356 priorem
191 1279 369 1354 orationem,
392 1297 479 1366 quam
495 1279 547 1342 ille
564 1297 620 1362 pro
632 1279 748 1343 Milone
767 1278 884 1354 habuit,
905 1278 980 1360 legit
997 1278 1092 1344 adhuc

55 1377 261 1456 Quintilianus,
291 1379 383 1458 longe
413 1380 585 1444 inferiorem
615 1381 682 1458 illi,
716 1397 803 1460 quam
836 1387 943 1460 postea
973 1380 1093 1462 scripsit

55 1478 242 1556 elaboratius,
270 1497 324 1542 noc
352 1481 390 1542 alu
411 1481 476 1548 ulla
496 1490 582 1564 parte
603 1479 845 1562 comparandam:
874 1498 933 1561 qua
955 1497 1007 1543 our
1028 1487 1091 1542 ute-

54 1587 125 1642 retur
150 1581 244 1642 miuus
269 1589 375 1646 ornata
401 1583 433 1644 iu
454 1583 541 1646 omioi
561 1583 669 1664 optime
690 1582 786 1644 meriti
806 1580 956 1662 periculo,
982 1581 1040 1642 nisi
1060 1588 1093 1644 ut

55 1697 122 1759 quae
145 1681 301 1744 scribendo
328 1683 520 1748 inchoaverat
546 1689 687 1746 accurata
713 1682 901 1746 meditatione
929 1690 1017 1744 aucta
1039 1699 1091 1746 ex-

53 1782 214 1862 temporalis
234 1782 369 1846 dictionis
397 1785 499 1850 colore
525 1784 776 1848 accenderentur?
818 1785 893 1846 lliuc
913 1783 1026 1846 Plinius
1041 1778 1092 1862 (⁹)

53 1881 122 1946 idem
147 1881 184 1944 de
206 1883 350 1948 Cicerone
375 1885 460 1964 dicit,
489 1886 569 1968 quod
591 1886 628 1948 de
650 1885 759 1950 Crasso
783 1885 889 1948 Cicero
908 1879 973 1963 (¹⁰):
1001 1884 1093 1946 multa

52 1982 79 2044 iu
97 1984 277 2068 orationibus
294 1988 393 2068 capita
404 2003 473 2050 ‘non
494 1988 661 2067 perscripta
676 1985 755 2066 legi,
777 1986 829 2048 sed
849 1994 952 2048 notata
967 1993 1092 2058 tantum;

52 2090 79 2144 ut
104 2103 157 2166 pro
179 2085 312 2162 Vareno,
340 2104 417 2168 quae
444 2087 560 2168 quidem
578 2086 704 2168 perdita
723 2093 790 2160 est,
822 2093 850 2146 et
877 2103 932 2166 pro
954 2087 1094 2160 Murena,

51 2185 98 2246 uhi
123 2204 199 2266 quac
230 2186 327 2250 medio
355 2195 421 2250 suut
449 2188 526 2252 iuter
547 2187 674 2270 Sulpicii
701 2193 730 2248 et
753 2185 873 2250 Catonis
895 2187 1018 2248 crimina
1042 2203 1092 2248 rs-

50 2283 154 2362 futata,
178 2305 254 2350 nunc
278 2289 394 2352 omnino
420 2287 639 2363 desiderantur;
670 2306 838 2370 quanquam
861 2287 892 2349 iu
915 2287 1094 2352 Mureniana

51 2393 119 2450 teste
146 2389 261 2468 quidem
279 2389 437 2454 Plutarcho
460 2408 495 2454 eo
521 2391 615 2452 minus
635 2389 762 2471 placuit,
790 2387 870 2470 quod
893 2390 925 2452 in
947 2405 1092 2452 commuu-

50 2489 155 2550 tatione
175 2490 293 2553 nimium
314 2491 517 2556 desudaverat.
550 2491 584 2554 ln
603 2491 709 2572 quihus
725 2491 818 2569 igitur
839 2491 935 2554 minor
955 2491 1012 2552 sihi
1028 2491 1093 2572 ipse

49 2590 124 2652 risus
150 2599 208 2665 est,
239 2609 291 2665 ea,
320 2609 384 2654 cum
414 2594 578 2656 orationem
606 2591 721 2667 ederet,
752 2591 885 2654 consulto
913 2592 1026 2666 omisit,
1054 2607 1092 2653 ne

50 2689 113 2750 aliis
131 2708 248 2772 quoque
263 2691 412 2754 uideretur
432 2693 531 2756 famae
552 2695 700 2754 nonsatis
721 2693 838 2754 iecisse.
870 2692 984 2756 Deinde
1006 2692 1094 2754 etiam

48 2789 117 2851 illae
138 2808 262 2866 causae,
284 2794 390 2872 quihus
413 2801 548 2856 oratores
570 2795 698 2873 inpares
721 2793 845 2854 luissent
866 2793 966 2854 autin
988 2793 1094 2872 quibus

48 2891 188 2954 uoluntati
215 2901 333 2955 euentus
362 2911 421 2956 non
446 2893 663 2974 respondisset,
691 2909 780 2972 saepe
802 2893 919 2954 omnino
944 2909 1003 2953 uon
1024 2909 1094 2971 per-

49 2993 264 3066 scribehantur,
286 2993 338 3054 sed
358 2993 601 3073 relinquebantur
622 2993 653 3054 in
675 2992 900 3054 commeutsriis.
943 2991 1095 3054 Ciceronis

49 3091 134 3170 igitur
164 3075 295 3152 actiones
322 3111 377 3174 pro
400 3093 526 3158 Gabinio
547 3092 665 3158 Vareno
686 3091 821 3166 Vatinio,
853 3091 908 3154 etsi
936 3109 980 3153 eu.
999 3093 1095 3172 prima

49 3194 135 3256 rerba
160 3191 305 3273 quaedam
330 3195 420 3256 hahet
440 3195 648 3273 Hieronymus,
677 3194 788 3275 quippe
810 3211 848 3254 ex
870 3195 1094 3270 commentariis,

50 3313 104 3358 non
124 3295 222 3374 magis
245 3296 428 3378 perscriptas
444 3296 537 3358 luisse
557 3303 643 3377 puto,
666 3313 753 3376 quarn
770 3294 878 3358 Scauri
895 3293 1093 3358 defensionem

50 3398 170 3458 ambitus
197 3395 259 3470 rei,
289 3413 354 3457 cum
381 3395 418 3458 dc
445 3396 614 3478 repetundis
644 3397 797 3458 absolutus
826 3403 916 3458 essct:
950 3415 1037 3476 quum
1063 3397 1096 3458 iu

50 3498 269 3560 commentarios
290 3495 416 3558 relatam
437 3498 634 3577 Quintilianus
654 3498 730 3578 legit
743 3493 807 3578 (¹¹).
840 3497 919 3574 Quin
937 3497 1095 3560 Cornelia-

52 3635 257 3649 m

116 3729 144 3796 7)
166 3727 254 3783 Wolf.
274 3728 362 3798 praef.
387 3729 423 3783 ad
440 3727 649 3785 Marcellianam
672 3747 700 3802 p.
719 3725 793 3785 xlx.
881 3725 911 3796 8)
936 3729 993 3786 Cic.
1014 3728 1094 3786 Brut.

51 3813 159 3880 4491.
192 3813 752 3882 ruse.1V.25‚sc.,car.1tl.11,38.
784 3811 838 3872 Off.
858 3813 888 3870 ll.
909 3814 980 3882 l‚3.
1007 3817 1094 3872 etde
1213 3867 1215 3874 .

52 3899 190 3972 Scaurana
207 3907 234 3952 et
248 3899 401 3954 Planciana
418 3917 480 3971 epp.
499 3901 538 3962 od.
549 3900 583 3960 Q.
597 3899 641 3954 Fr.
655 3899 701 3955 lll.
718 3900 745 3964 l,
760 3901 786 3954 4.
823 3900 871 3954 Sic
890 3899 1094 3972 intelligendum

53 3982 85 4042 (i.
102 3981 174 4038 runt
197 3983 348 4038 convicium
371 3984 398 4038 in
426 3983 587 4042 Ciceronem
609 3985 683 4056 apud
708 3983 828 4038 Dionem
850 3981 948 4038 XLVl.
968 3986 1010 4042 7.,
1028 3984 1094 4038 Non

54 4067 115 4122 dicit
134 4068 243 4123 omnino
264 4069 365 4124 nullam
381 4068 510 4126 habuisse
528 4071 697 4137 orationem,
723 4068 773 4124 sed
790 4084 845 4122 nou
863 4068 960 4134 talem,
986 4068 1095 4138 qualern

53 4153 139 4208 verbis
162 4153 307 4224 perpolitis
331 4163 430 4224 postea
452 4157 579 4212 ediderit.
665 4156 694 4224 9)
721 4150 827 4206 Plinius
850 4151 923 4224 Epp.
947 4151 970 4211 l.
991 4153 1043 4220 so,
1067 4150 1093 4207 7.

58 4235 97 4304 10)
114 4237 170 4296 Cic.
188 4236 267 4294 Brut.
286 4240 334 4306 44,
353 4237 409 4295 lod.
500 4241 544 4306 ll)
567 4241 680 4304 Quintil.
701 4235 750 4294 lv.
769 4235 800 4303 1,
817 4234 860 4292 69.
910 4269 919 4284 .
