2646 4772
267 413 367 488 m
663 405 924 477 CICERONIS

181 627 185 630 -
268 601 338 650 cum
354 581 460 666 gratia
475 589 506 646 et
522 579 629 666 gloria
645 577 687 646 ad
702 597 853 646 summam
871 576 1102 664 amplitudinem
1113 577 1313 664 peruenisset

267 699 445 768 ascendens
470 697 623 782 gradibus
644 698 900 782 magistratuum,
931 704 965 763 ιιι
986 705 1074 782 pater
1096 697 1167 760 eins
1196 695 1314 770 fecerat,

267 830 300 884 ιιι
315 817 429 904 reliqui
446 814 599 882 clariores
615 816 685 882 uiri.
720 811 810 892 Quae
823 812 947 900 quidem
964 815 1141 880 etiamnum
1152 811 1190 878 P.
1205 811 1312 878 Crasso

267 935 313 1002 M.
336 933 387 1012 1.,
418 953 487 1000 eum
516 933 606 998 initio
634 932 747 998 aetatis
776 930 817 996 ad
847 931 1016 996 amieuiam
1045 949 1081 995 se
1111 949 1221 996 meam
1252 951 1315 996 con-

267 1053 405 1130 tulisset,
432 1032 528 1138 saepe
556 1050 663 1134 egisse
691 1068 741 1116 me
764 1048 913 1128 arbitror,
941 1069 1100 1116 cumeum
1119 1050 1316 1114 uehementer

268 1171 425 1248 hortarer,
454 1179 487 1234 ιιι
518 1187 588 1234 eam
619 1166 724 1233 landis
743 1169 829 1233 uiam
848 1169 1064 1234 rectissumam
1085 1185 1160 1232 esse
1186 1167 1313 1242 duceret,

269 1309 363 1378 qoam
381 1288 520 1354 maiores
541 1287 610 1352 eius
632 1286 664 1351 ei
684 1285 789 1352 tritam
810 1283 1021 1371 reliquissent.
1053 1283 1127 1350 282.
1152 1286 1313 1350 eratenim

270 1428 340 1475 euuu
368 1407 525 1472 institutus
553 1413 674 1492 optume
703 1412 766 1468 tum
796 1405 890 1469 etiam
909 1403 1046 1491 perfecte
1071 1401 1233 1489 planeque
1255 1421 1313 1468 eru-

272 1525 353 1592 ditus
379 1525 542 1608 ineratque
571 1531 601 1588 et
629 1521 788 1604 ingenium
816 1523 895 1589 setis
921 1541 995 1588 aere
1020 1530 1051 1588 et
1077 1522 1236 1588 orationis
1261 1540 1314 1585 nou

271 1643 438 1728 inelegans
454 1641 565 1727 eopia3
586 1649 812 1727 praetereaque
832 1643 900 1706 sine
919 1641 1103 1724 arrogantia
1120 1641 1234 1723 grauis
1252 1657 1314 1704 esse

270 1760 436 1828 videbatur
462 1767 493 1824 et
514 1759 583 1824 sine
603 1759 742 1842 segnitia
761 1759 967 1826 verecundus.
1010 1755 1076 1824 Sed
1096 1755 1179 1822 hunc
1201 1774 1313 1842 quoque

272 1877 435 1946 absorbuit
455 1885 561 1943 aestus
583 1875 709 1963 quidam
738 1875 887 1944 insolitae
910 1874 1162 1944 adulescentibus
1182 1874 1313 1958 gloriae

272 1999 326 2086 qui
348 1998 423 2084 quia
447 2003 581 2062 navarat
610 1991 703 2060 miles
726 2013 854 2081 operam
875 1995 1074 2082 imperatori,
1105 1994 1315 2080 imperatorem

224 2097 309 2182 ‘'se
326 2115 430 2181 statim
447 2132 520 2180 esse
541 2111 702 2200 cupiebat:
726 2113 777 2178 eui
795 2115 916 2180 muneri
932 2133 1000 2180 mos
1018 2115 1171 2180 maiorum
1190 2121 1314 2178 aetatem

274 2243 401 2310 certam,
418 2241 535 2300 sortem
552 2232 704 2298 incertam
721 2229 857 2316 reliquit.
890 2231 935 2300 ita
950 2234 1149 2316 gravissumo
1167 2249 1226 2296 suo
1238 2247 1314 2302 casu,

274 2351 347 2418 dum
369 2347 444 2434 Cyri
466 2359 497 2416 et
512 2347 688 2416 Alexandri
706 2347 819 2416 similis
841 2368 911 2416 esse
934 2349 1046 2427 voluit,
1069 2349 1122 2436 qui
1144 2368 1233 2414 suum
1255 2365 1313 2413 onr-

275 2487 344 2533 sum
360 2476 629 2545 transcurrerent,
654 2475 685 2532 et
706 2463 745 2534 L.
767 2464 879 2533 Crassi
900 2478 931 2534 et
951 2467 1115 2535 multorum
1138 2464 1317 2532 Crassorum

273 2587 415 2652 inventus
437 2593 485 2650 est
505 2583 752 2652 dissimillumus.
1023 2639 1026 2651 r

359 2697 524 2766 LXXXII.
552 2700 626 2768 283.
655 2699 720 2768 Sed
750 2701 790 2768 ad
815 2699 959 2776 Caluum,
987 2702 1016 2767 is
1037 2704 1121 2767 enim
1142 2700 1234 2768 nobis
1255 2707 1316 2788 erat

274 2821 469 2910 propositus,
499 2827 709 2886 reuertemur-2
739 2821 792 2906 qui
819 2829 927 2888 orator
949 2818 1007 2885 luit
1034 2839 1105 2886 eum
1131 2819 1232 2886 literis
1251 2834 1311 2884 eru·

341 3006 388 3048 282
413 3001 534 3058 insolitae]
547 3013 593 3046 nou
606 3003 717 3048 insolitae.

274 3141 326 3215 Lg.
344 3140 416 3197 Ven.
430 3142 454 3196 1.
473 3135 531 3196 ott.
548 3168 584 3183 —
607 3137 764 3214 qradlbus]
782 3139 899 3213 gradus
917 3137 968 3196 Gu.
982 3142 1005 3198 1.
1023 3169 1059 3185 ·-
1082 3137 1127 3198 M.
1144 3141 1191 3210 R]
1209 3136 1248 3195 M.
1264 3155 1309 3192 our.

274 3227 326 3300 ug.
343 3228 385 3283 70.
402 3255 438 3267 ——
461 3242 529 3281 eum
546 3227 647 3295 initio]
668 3242 738 3282 esem
756 3243 808 3282 om.
828 3224 877 3298 lug.
893 3243 935 3298 pr.
952 3225 994 3283 5³.
1008 3225 1051 3282 08.
1067 3225 1110 3282 70.
1125 3259 1161 3268 -
1183 3217 1314 3290 arbitror}

275 3329 329 3368 nm.
349 3311 401 3366 Gn.
421 3309 446 3366 l.

344 3395 404 3451 W.
441 3411 508 3450 eum
522 3395 687 3464 instituente]
706 3400 770 3449 dum
786 3399 854 3450 eost.
874 3397 916 3450 ed.
928 3415 970 3468 pr.
983 3427 1018 3438 -
1037 3398 1167 3471 optume]
1183 3397 1221 3450 sie
1234 3391 1275 3462 lug.
1288 3385 1307 3438 8·

275 3481 318 3538 35.
333 3481 374 3538 51.
392 3480 435 3536 53.
453 3480 494 3536 58.
513 3479 556 3536 68.
574 3481 616 3536 70.
645 3477 741 3535 ottob.
761 3509 797 3520 —-
814 3480 975 3552 planeque]
991 3483 1137 3556 pleneque
1160 3481 1210 3552 Lg.
1229 3478 1261 3531 56.
1278 3477 1313 3512 -1

276 3563 706 3639 segnitia1ee9nitlelag.70.-
718 3565 870 3634 emolitae]
879 3583 939 3620 teon
948 3568 1088 3622 insolttae
1097 3568 1169 3622 conl.
1178 3555 1305 3619 nocerem

275 3650 358 3722 idque
380 3657 443 3721 post
465 3649 625 3704 Lambiuum
650 3647 711 3704 edd.
738 3652 893 3722 occupavit.
927 3651 1030 3706 Verum
1055 3652 1123 3719 erit,
1148 3651 1172 3706 si
1196 3648 1304 3721 quodam

276 3735 460 3804 interpretere
477 3737 673 3788 laetationem
690 3737 738 3788 sel
755 3734 802 3788 vel
813 3735 930 3806 ylerdae
945 3737 1149 3810 cupiditatem
1179 3733 1233 3790 Sed
1246 3735 1312 3784 fecte

275 3817 353 3883 lilnrl3
372 3817 515 3888 sequeutia
527 3819 598 3872 enim
615 3819 737 3872 iudicant
752 3822 914 3875 seutentiam
930 3837 992 3876 esse
1010 3821 1045 3875 ed
1064 3821 1180 3893 gloriam
1192 3816 1303 3873 belumu·

276 3920 337 3958 cum
349 3902 557 3974 lmperetoribus
566 3911 656 3958 certos
665 3920 753 3958 annos
763 3921 824 3958 esse
838 3920 896 3960 nuos
911 3915 939 3960 et
948 3905 994 3961 lex
1004 3905 1126 3972 iuberet,
1138 3903 1302 3960 adolescentes

276 3989 401 4060 aspirare
413 4005 469 4042 uon
483 4004 544 4044 esse
557 3989 662 4044 solitos.
674 4018 709 4028 -
734 3988 839 4060 noluit]
858 3992 920 4046 volt
933 3989 1070 4058 Orellius3
1084 3992 1167 4046 mire:
1181 4003 1235 4043 enm
1245 3982 1303 4034 eni!

275 4090 355 4129 emaus
367 4073 459 4130 Crassi
470 4073 559 4129 verbo
571 4079 712 4143 tangatur,
727 4089 783 4130 uon
796 4084 952 4146 exponetur
965 4076 1068 4143 fusius,
1082 4075 1229 4146 praesentis
1240 4069 1302 4119 {⁰2⁰⁸

262 4157 323 4210 ·lsle
333 4158 422 4212 nullus
432 4165 482 4213 est.
506 4157 596 4212 Paulo
610 4165 675 4212 ente
684 4161 874 4228 gravissumo
886 4159 937 4232 Lg.
948 4161 990 4216 51.
1001 4159 1044 4216 56.
1063 4158 1160 4216 orsos.
1177 4159 1238 4212 Ven
1247 4151 1302 4203 1.·-

278 4237 532 4309 transcurrerent]
549 4247 769 4298 &ammoneret
787 4241 912 4304 ssrellius
927 4245 964 4300 ad
979 4245 1110 4302 cressum
1125 4243 1245 4299 relereus
