2676 4774
172 442 173 445 ‘
232 445 290 518 ro
394 435 543 508 nonus
566 435 864 520 onoouonrma
886 391 1121 506 oomssmsr.

1324 535 1325 580 t

234 633 309 699 opus
337 621 382 678 cst
403 613 594 700 ⁵eloquentior
622 609 676 675 sed
703 611 734 674 in
763 627 823 692 qus
847 609 979 674 desaevit
1005 609 1103 676 ciuilis
1120 609 1278 688 manda
1324 609 1325 678 l

232 723 360 798 regnant
385 715 545 792 laedones,
572 715 619 776 ius
649 721 678 776 et
703 712 813 774 iniuria
830 711 861 775 ui
882 713 1043 792 potentium
1065 719 1094 774 et
1113 713 1212 795 plebis
1235 713 1277 775 el·

232 820 367 882 frenatae
394 818 566 892 miscentur,
592 817 669 878 banc
690 815 836 877 ciuitatem
858 811 1028 893 eloquentes
1049 811 1187 876 idoneam
1207 833 1278 876 uan-
1324 827 1325 884 t

235 921 397 994 cisormtur,
425 919 456 979 in
487 935 547 999 qua
574 915 678 1002 animis
709 931 767 978 non
787 921 848 976 tam
867 911 1005 976 docendis
1027 931 1117 994 mam
1138 913 1278 994 cogendis

234 1027 263 1083 et
278 1019 499 1102 perfringendis
516 1018 708 1080 dominentur.
743 1015 827 1080 llaec
843 1013 966 1096 pulabra
982 1016 1135 1096 perspexit
1152 1017 1277 1098 scriptor

232 1107 350 1200 dialogi
377 1120 414 1182 dc
442 1120 611 1184 oratoribus
630 1115 683 1198 (⁵⁹)
713 1135 823 1180 summo
854 1117 920 1178 iure
942 1113 1094 1198 Ciceronis
1118 1117 1277 1180 sententiae

233 1222 415 1287 aduersatus.
458 1221 591 1284 Plurima
618 1219 712 1299 igitur
731 1218 861 1282 moribus
888 1217 920 1278 in
939 1217 1024 1298 peius
1050 1217 1188 1294 mumtis,
1215 1235 1278 1280 cum
1320 1281 1323 1288 ,

231 1323 420 1406 quaestiones
453 1328 615 1403 perpetuae
652 1321 890 1394 instituerentur,
928 1335 965 1380 ex
992 1317 1106 1378 motato
1135 1319 1279 1388 succreuit

233 1424 402 1488 oratoribus
424 1422 570 1484 materies.
613 1419 652 1483 Et
674 1420 876 1483 adolescentes
897 1418 1023 1480 mammo
1042 1419 1211 1483 accusando
1234 1421 1278 1482 in-

232 1525 351 1605 genium
376 1521 535 1586 nobilitare
558 1520 726 1598 studebant,
755 1525 854 1583 aetate
879 1520 1081 1600 provectiores
1106 1521 1206 1583 causis
1227 1521 1277 1584 de-

231 1624 384 1688 fendendis
417 1623 569 1686 clientelas
601 1639 722 1702 augere.
783 1621 957 1702 Quanquam
983 1621 1100 1684 minime
1131 1623 1279 1686 insolitum

232 1726 289 1788 init
319 1727 406 1788 etiam
440 1741 524 1787 senes
550 1731 579 1786 ct
605 1725 767 1787 honoratos
795 1721 835 1784 ad
860 1720 1056 1784 accusandum
1081 1721 1277 1800 descendere3

232 1829 284 1909 qui
318 1845 382 1890 mos
412 1842 520 1906 magno
552 1825 597 1887 rai
627 1823 766 1906 publicae
797 1823 968 1887 detrimento
999 1843 1058 1888 nou
1090 1824 1181 1888 molto
1211 1832 1279 1888 ante

230 1928 337 1993 Sullae
357 1921 490 2009 tempora
508 1923 641 1990 sublatus
663 1933 716 1988 est.
759 1923 853 2000 Huius
871 1925 917 1988 rei
935 1924 1042 1990 Giuero
1054 1921 1207 2004 (⁶⁰),testis
1223 1933 1278 2002 est,

231 2031 313 2092 cuins
345 2037 442 2092 aetate
468 2045 518 2090 res
545 2015 617 2090 sana
646 2025 753 2090 dudum
773 2033 884 2088 mutata
906 2035 979 2088 erat.
1021 2028 1184 2092 Accusavit
1203 2028 1277 2090 enin

230 2131 305 2196 Gato
335 2130 497 2195 Censorius
527 2129 686 2211 plurimos,
719 2134 748 2190 ct
776 2144 867 2190 senex
895 2128 1011 2209 qudam
1040 2141 1187 2195 annorum
1212 2128 1276 2211 plus

230 2233 383 2311 octoginta
404 2231 470 2296 Ser.
494 2231 636 2302 Galbam3
658 2229 691 2291 P.
715 2228 875 2292 dlaconus
896 2231 931 2292 L.
957 2230 1087 2318 Cottam,
1109 2231 1144 2294 P.
1168 2231 1275 2294 Lentu·

230 2333 278 2395 lus
301 2334 440 2413 princeps
466 2337 583 2394 senatus
605 2331 648 2393 M’
671 2329 822 2410 Aquilium
835 2325 905 2412 (⁶¹);
932 2332 976 2396 Μ.
996 2331 1128 2397 Scauurs
1150 2333 1226 2400 adeo
1250 2341 1276 2396 et

233 2434 268 2497 P.
296 2432 426 2496 Rutilius
448 2431 561 2507 Rufus,
592 2431 642 2512 qui
671 2449 733 2494 una
755 2433 903 2514 petierant
923 2432 1121 2509 consulatum,
1143 2451 1211 2496 cum
1231 2435 1276 2498 bic

232 2533 383 2614 repulsam
415 2532 546 2608 tulisset,
588 2532 646 2593 sibi
683 2533 807 2597 inuicem
840 2535 1058 2598 accusationem
1086 2535 1273 2598 intentarunt.

228 2634 334 2698 Plures
362 2640 396 2696 ut
423 2649 512 2696 unum
541 2631 747 2710 defenderent,
777 2632 928 2698 Ciceronis
955 2635 1068 2698 domum
1092 2643 1228 2718 tempore
1246 2638 1274 2698 in

228 2751 340 2798 morem
366 2735 463 2810 nenit;
490 2733 558 2796 buio
586 2733 703 2815 quidem
731 2736 758 2798 is
786 2755 849 2799 mos
876 2737 941 2800 iura
968 2737 1198 2802 victoum-risus
1222 2745 1273 2814 cst,

230 2837 286 2900 etsi
312 2843 380 2898 sunt
406 2837 563 2915 grauiores
589 2836 652 2897 eius
682 2837 741 2913 rei,
770 2855 858 2918 quam
888 2857 962 2919 quas
984 2845 1196 2918 commemorat
1214 2835 1272 2919 (⁶²),

120 2957 125 2964 ·
229 2955 346 3001 causae.
370 2986 371 2990 ,
391 2936 452 3002 Sed
480 2943 669 3000 accusatores
689 2938 790 3020 plures
814 2940 845 3000 in
867 2939 969 3002 eadem
990 2957 1082 3002 causa
1101 2939 1273 3021 prodibant:

227 3040 308 3104 uelut
334 3040 365 3100 iu
390 3039 445 3102 Μ’.
469 3037 591 3119 Aquilio
615 3039 793 3125 postolando
821 3040 855 3104 P.
876 3041 1019 3104 Lentulus
1045 3043 1273 3127 subscriptorem

226 3140 329 3204 babuit
349 3138 381 3202 G.
404 3139 546 3212 Rutilium
556 3133 621 3218 (⁶³).

310 3241 413 3304 Minus
430 3241 676 3302 incrementorum
691 3239 862 3322 eloquentia
879 3241 1063 3304 mutuantur
1080 3246 1169 3327 oepit
1204 3249 1274 3310 Ante

227 3342 428 3408 Gracchorum
455 3341 532 3402 enim
557 3347 683 3403 aetatem
703 3341 860 3423 plurimum
882 3343 913 3406 iu
941 3345 1120 3425 republica
1145 3347 1275 3428 gerenda

108 3445 109 3448 ’
226 3448 345 3504 senatus
365 3440 501 3505 ualebat:
532 3441 611 3523 quod
634 3461 698 3506 cum
718 3442 945 3523 prudenscsset
964 3445 1140 3526 collegium,
1166 3450 1274 3514 minore

226 3541 342 3606 tlicendi
374 3549 521 3626 apparatu
554 3543 744 3606 suadentibus
775 3551 804 3606 et
833 3543 1070 3610 dissuadentibus
1098 3566 1177 3630 opus
1205 3557 1272 3614 erat.

226 3643 329 3707 (lausa
345 3646 423 3708 enim
439 3646 485 3708 rei
501 3646 639 3728 publicae
659 3643 738 3726 apud
752 3646 946 3728 peritissimos
961 3648 1043 3710 uiros
1060 3649 1275 3730 plusualebat,

226 3761 315 3826 quarn
342 3744 499 3828 eloquendi
526 3746 682 3811 artificium
692 3742 756 3826 (⁶⁴).
801 3748 907 3810 Omnes
932 3755 1045 3824 autem,
1075 3753 1127 3831 qui
1148 3754 1181 3814 in
1202 3751 1274 3815 iudi·

227 3847 282 3907 ciis
303 3846 475 3928 frequenter
495 3847 649 3924 dicebaut,
672 3849 761 3912 etiam
783 3849 814 3910 in
837 3856 940 3911 senato
963 3858 993 3912 ct
1007 3853 1273 3916 contionibusora·

223 3950 432 3962 —u—

261 4010 339 4078 bd)
357 4011 437 4068 cdd.
525 4010 571 4078 60)
592 4011 648 4066 Cle.
663 4010 757 4067 Dlvln.
775 4013 804 4066 ln
817 4011 918 4067 Caecll.
937 4011 979 4068 bt.
1051 4015 1115 4084 til)
1135 4017 1273 4080 Cic.l.c.;

224 4094 257 4151 cl.
271 4093 381 4153 Murem.
400 4095 448 4163 28,
468 4090 510 4152 58.
537 4095 631 4152 Valeo.
651 4089 730 4150 Max.
749 4091 821 4154 vttt.
842 4093 873 4164 l,
891 4095 933 4154 ll.'
951 4105 1046 4156 nostra
1062 4102 1103 4156 ad
1118 4101 1178 4160 Cic.
1196 4099 1274 4160 Brut.

223 4179 272 4248 28,
291 4183 349 4238 loa.
436 4181 483 4250 dl)
506 4181 584 4236 Brut.
605 4181 653 4250 57,
680 4179 738 4236 nlo.
789 4229 793 4236 .
826 4181 871 4250 ot)
895 4182 952 4240 cte.
971 4183 1037 4242 Div.
1055 4185 1138 4246 Verr.
1162 4187 1216 4256 dl,
1234 4187 1273 4240 69,

223 4263 672 4334 mmmmumm
1151 4309 1154 4314 .
