2646 4772
233 399 335 470 898
629 397 894 468 CICERONIS

234 567 372 638 oratorio
401 575 526 636 utuntur
551 578 582 635 et
606 567 667 636 hoc
691 572 847 658 proprium
867 589 941 638 esse
962 569 1138 638 Atticorum
1158 555 1276 638 uolunt}

234 699 319 756 reete
340 685 479 754 laudant.
511 696 560 754 est
581 690 715 756 enimin
737 698 804 754 arte
824 697 1054 778 testatumque
1074 692 1169 757 veria
1190 693 1277 756 etiem

232 807 305 874 huie
333 808 469 872 minutae
497 805 660 874 subtilitati
687 807 787 874 loeus.
836 805 885 874 ltn
913 808 983 888 fret,
1013 811 1137 876 utnon
1165 828 1278 888 omnes,

233 929 287 1014 qui
307 925 428 1002 Attice,
451 923 552 990 eidem
571 925 669 1004 beue;
696 925 754 992 sed
775 935 808 992 ut
828 947 953 1007 omues,
979 929 1033 1014 qui
1055 926 1157 1006 hene,
1181 928 1278 996 cidem
1316 893 1317 914 .

232 1048 328 1114 etium
344 1045 447 1110 Attice
466 1042 580 1109 dicant.
614 1041 681 1110 Sed
702 1045 868 1112 redeamus
885 1065 994 1112 rursus
1012 1046 1053 1112 od
1071 1044 1277 1112 Hortensium.

315 1159 479 1228 LXXXV.
509 1162 583 1228 292.
609 1159 696 1228 Saue
712 1163 864 1251 quidem,
895 1166 995 1251 inquit
1019 1162 1153 1244 Brutus,
1183 1184 1278 1252 quiam

234 1303 326 1371 quam
354 1285 418 1348 ista
445 1279 521 1346 mihi
546 1290 601 1347 tua
624 1281 681 1348 fuit
701 1283 894 1369 periucunda
916 1303 937 1350 a
957 1285 1118 1372 proposito
1140 1286 1278 1352 oratioue

234 1402 403 1487 digressio.
453 1397 535 1464 Turn
561 1398 701 1478 Atticus,
734 1401 937 1489 Aliquotiens
966 1422 1049 1482 sum,
1082 1403 1199 1488 iuquit,
1230 1422 1279 1468 eo-

232 1530 341 1597 natus,
370 1517 427 1584 sed
453 1518 653 1605 interpellare
682 1518 799 1613 nolui,
826 1518 933 1600 Nunc,
961 1523 1109 1608 quoniam
1139 1519 1182 1588 ed
1211 1541 1278 1608 per-

233 1637 384 1706 orandum
416 1647 557 1723 spectare
589 1637 712 1704 uidetur
745 1658 849 1706 sermo
880 1649 971 1718 tuus,
1004 1639 1128 1716 dicem,
1161 1639 1278 1725 opinor,

232 1756 314 1842 quod
342 1755 453 1822 sentio.
498 1753 664 1834 Tutore,
692 1759 836 1843 inquam
863 1755 946 1824 Tite.
991 1755 1071 1822 Turn
1099 1755 1174 1835 ille,
1201 1753 1277 1841 Ego,

230 1877 341 1962 inquit,
363 1875 497 1941 ironiam
520 1871 623 1970 illam,
645 1893 737 1960 quam
753 1877 786 1942 in
804 1872 939 1944 Socrate
956 1875 1061 1942 dieunt
1076 1875 1195 1952 tuisse,
1217 1893 1277 1960 que

231 1967 286 2060 ille
313 1996 347 2058 in
366 1991 507 2058 Plutonis
535 2001 566 2056 et
587 1989 805 2080 Xenophontis
829 2004 859 2062 et
884 1993 1035 2061 Aeschini
1061 1992 1155 2060 libris
1179 1995 1278 2070 utitur,

230 2113 365 2180 luceium
398 2120 429 2176 et
459 2109 636 2194 elegantem
663 2121 746 2198 puto.
790 2122 838 2178 est
861 2117 944 2180 eninr
970 2122 1000 2180 et
1028 2113 1156 2178 minime
1185 2111 1278 2198 inepti

229 2232 365 2299 hominis
393 2239 424 2294 et
446 2229 589 2295 eiusdem
617 2231 711 2296 eliam
732 2229 844 2309 faceti,
872 2253 942 2298 eum
972 2232 1010 2296 de
1033 2233 1194 2318 sapientie
1213 2229 1277 2296 dis-

230 2359 385 2438 ceptetur,
405 2346 488 2413 hauc
509 2347 571 2414 sihi
593 2350 693 2438 ipsum
711 2348 892 2428 detrahere,
915 2352 962 2416 eis
983 2349 1121 2416 tribuere
1145 2349 1277 2416 illuden-

230 2479 310 2546 tem,
333 2469 386 2554 qui
409 2485 479 2532 eam
505 2466 566 2532 sibi
589 2477 753 2552 arrogent:
781 2477 814 2534 ut
839 2469 920 2556 apud
941 2467 1105 2534 Platonem
1127 2465 1276 2534 Socrates

294 2653 341 2695 292.
367 2651 489 2706 Aeschini]
503 2651 631 2694 Aeschinis.
642 2673 668 2682 -
689 2651 799 2707 quorsom]
814 2663 929 2706 quorsum.

229 2817 306 2864 cutus
324 2825 403 2878 quum
417 2805 615 2876 simplicissime
628 2804 860 2860 demonstratione
878 2814 906 2860 et
920 2804 997 2876 quasi
1013 2803 1173 2858 innocentio
1182 2803 1273 2858 voiun-

229 2897 292 2950 totis
315 2893 442 2948 utendum
468 2891 581 2962 putavit.
618 2889 711 2944 Locos
735 2894 909 2962 prauitatis,
936 2908 1005 2962 quos
1027 2889 1065 2944 ibi
1090 2889 1157 2942 dicit
1178 2905 1201 2942 c.
1223 2887 1273 2953 31,

229 2981 307 3049 quusi
324 2980 421 3033 silvam
439 2977 629 3048 eloquentiae,
648 2967 774 3030 recenset
793 2976 849 3032 cte.
868 2973 918 3032 Or.
936 2975 979 3030 tu.
1014 2965 1156 3029 Aliorsum
1172 2977 1275 3043 spectet

228 3064 374 3138 prandtor
396 3069 523 3118 ornatus
545 3064 606 3116 sive
629 3059 789 3132 magnificus
812 3070 973 3134 apparatus,
998 3078 1077 3130 quem
1096 3059 1225 3114 convenit
1246 3057 1273 3110 iu

168 3171 185 3199 ι
229 3169 332 3224 genere
348 3150 456 3204 sublimi
470 3148 607 3204 collocari.
616 3149 633 3178 “
652 3145 841 3218 Bernhardy.
853 3177 888 3188 -
911 3146 1017 3216 eidem]
1036 3145 1118 3201 idem
1133 3143 1273 3214 utrobique

227 3236 278 3308 Lg.
299 3243 410 3307 praeter
428 3234 469 3288 35.
490 3233 532 3288 39.
550 3233 593 3288 68.

231 3330 234 3336 “
295 3320 436 3375 LXXXV.
472 3319 531 3375 292.
569 3317 727 3390 diqressio]
746 3317 786 3370 sic
804 3315 854 3390 Lg.
871 3333 966 3370 omnes
984 3315 1078 3385 (modo
1097 3315 1140 3370 35.
1155 3315 1198 3368 51.
1215 3312 1272 3384 diq-

225 3410 366 3481 9ressio),
382 3403 453 3460 Ven.
464 3405 486 3460 1.
496 3404 522 3459 2.
539 3402 597 3460 Ott.
610 3404 674 3457 Vot.
690 3401 825 3468 Gu.1.u.;
840 3401 936 3456 Lomb.
949 3400 1059 3471 Meyer.
1074 3402 1271 3474 depressio.-

227 3493 415 3563 uliquotierts]
435 3491 474 3544 sic
492 3491 572 3545 codd.
591 3491 678 3544 nostri
696 3507 798 3544 ornnes.
816 3517 852 3529 -
875 3487 1124 3558 inquit]'oliquid
1140 3486 1192 3540 Gu.
1210 3487 1271 3540 i.—

227 3579 378 3648 quioniam]
399 3581 462 3632 tom
481 3577 583 3630 addunt
602 3575 645 3629 ed.
664 3592 704 3646 pr.
726 3571 776 3645 Lg.
793 3591 903 3638 omnes,
925 3573 976 3628 Gu.
989 3573 1013 3628 l.
1033 3573 1104 3628 Verr.
1114 3573 1140 3625 2.
1160 3571 1224 3624 Vot.
1241 3600 1270 3612 -

231 3659 305 3729 Tite]
318 3663 413 3716 Attice
422 3661 490 3716 Nor.
499 3690 535 3704 —
552 3659 701 3728 Aeschini]
718 3661 757 3714 sic
767 3659 810 3712 ed.
820 3675 861 3728 pr.
872 3666 900 3712 et
910 3659 990 3714 codd.
1000 3658 1053 3711 mei
1062 3663 1271 3726 omnespreetcr

226 3745 278 3817 Lg.
292 3746 334 3798 35.
350 3745 393 3800 68.
408 3747 449 3801 70.
464 3775 500 3786 -
527 3746 716 3818 disceptetur]
736 3743 923 3818 disceptatur
938 3743 1003 3797 Pur.
1017 3741 1054 3796 D.
1079 3743 1131 3797 Gn.
1148 3742 1208 3796 1.2,
1241 3740 1270 3792 At

228 3831 429 3904 disceptetur,
456 3839 486 3886 ut
505 3831 589 3886 estin
607 3832 650 3886 ed.
669 3848 726 3901 pr.,
753 3827 805 3902 Lg.
824 3847 934 3896 ornnes,
960 3829 1073 3895 Veneti,
1099 3828 1227 3882 Romani.
1241 3853 1270 3866 »-

227 3917 296 3986 sibt]
315 3935 367 3972 om.
383 3917 434 3972 Gu.
448 3919 471 3974 l.
486 3947 520 3959 -
544 3917 700 3988 arrepunt]
718 3915 785 3970 Ero.
804 3921 953 3987 arrepunt.
983 3911 1079 3968 Verbo
1095 3912 1130 3966 ab
1149 3910 1271 3965 hernicis

227 4003 262 4057 od
280 4021 347 4058 cum
366 4020 419 4058 om.
437 4004 490 4058 Gu.
511 4005 534 4058 l.
553 4029 588 4042 ·-
616 4001 743 4070 eoelum]
761 4001 812 4073 Lg.
831 4001 856 4056 8.
876 4001 917 4054 51.
936 3999 979 4054 56.
998 3999 1040 4054 58.
1057 4027 1093 4038 -
1120 3993 1269 4068 Gorqiom]

230 4087 363 4162 Gorpiort
379 4089 430 4162 Lg.
441 4091 467 4144 8.
482 4089 524 4142 51.
539 4087 579 4141 53.
592 4087 634 4142 68.
647 4086 688 4142 70.
707 4104 762 4141 uon
781 4087 905 4158 prolecto
920 4085 1000 4156 peius
1012 4085 1140 4155 vulgato,
1161 4082 1224 4136 dum
1240 4093 1271 4132 ue

226 4176 380 4244 proximum
391 4183 464 4228 esset
482 4181 510 4226 et
521 4175 580 4226 sine
593 4173 667 4226 omni
680 4173 841 4228 diversitate
853 4173 1006 4242 scripturae
1016 4169 1230 4240 Protagoram.
1240 4189 1270 4204 ·-

228 4275 287 4328 quo
299 4259 403 4328 modo]
416 4259 523 4346 divisim
536 4257 578 4314 ed.
593 4273 634 4329 pr.
653 4255 705 4330 ug.
719 4256 759 4312 53.
777 4255 834 4314 ott.
848 4287 883 4300 -
900 4261 952 4330 peti
963 4256 1007 4325 td]
1021 4259 1074 4327 qui
1086 4251 1167 4312 titud
1179 4251 1224 4306 ed.
1234 4263 1271 4322 pr·
