2640 4780
234 407 335 482 aas
625 361 891 476 crcunonrs

232 579 331 665 potuit
343 573 501 644 laborem:
523 583 644 665 postea,
660 587 808 664 quantum
824 577 959 644 detraxit
975 595 1014 644 er
1029 577 1147 656 studio,
1161 586 1271 645 tantun

233 697 338 764 amisit
358 713 398 760 ex
417 694 532 780 gloria.
573 695 648 762 237.
669 693 705 761 P.
726 695 862 762 Murena
882 697 1034 763 mediocri
1052 698 1198 781 ingenio,
1220 697 1271 761 sed

232 831 348 897 magno
374 811 477 878 studio
505 813 614 879 rernm'
628 823 782 892 veterum,
814 813 977 880 literarum
1004 824 1036 880 et
1057 814 1216 880 studiosus
1244 821 1270 879 ct

231 949 295 998 non
321 931 497 1018 imperitus,
525 929 641 996 multae
668 932 841 998 industriae
871 943 902 999 et
928 933 1035 1016 magni
1060 930 1184 997 laboris
1210 932 1270 998 fnit.

233 1048 268 1114 (l.
287 1047 479 1116 Censorinus
497 1047 630 1116 Graecis
650 1049 751 1116 literis
772 1052 851 1116 satis
870 1049 980 1115 doctus
1001 1049 1086 1135 quod
1107 1069 1271 1136 proposue-

231 1177 281 1234 rat
310 1167 471 1254 explicans
500 1168 642 1254 expedite
668 1188 732 1232 non
760 1170 941 1234 invenustus
973 1175 1075 1246 ector;
1107 1166 1167 1232 s'ed
1192 1171 1271 1232 iners

232 1295 263 1352 et
294 1288 438 1352 inimicus
466 1285 537 1350 lori.
586 1281 625 1348 L.
653 1282 769 1349 Turius
799 1303 897 1370 parvo
920 1287 1063 1370 ingenio,
1097 1285 1156 1350 sed
1183 1285 1270 1350 multo

231 1403 343 1470 labore
377 1421 501 1488 quoquo
531 1401 639 1468 modo¹
656 1411 778 1488 poterat
811 1421 907 1489 saepe
937 1402 1071 1469 dicebat.
1114 1404 1218 1488 itaque
1244 1403 1270 1467 ei

230 1539 352 1606 paucae
370 1521 529 1585 centuriae
547 1519 588 1584 ad
607 1494 802 1586 consulatum
819 1519 991 1587 defuerunt.
1021 1519 1096 1586 238.
1115 1518 1151 1586 (l.
1168 1519 1271 1586 Macer

232 1639 416 1704 auctoritate
445 1655 569 1723 semper
595 1639 694 1722 eguit,
724 1637 783 1703 sed
808 1638 866 1704 init
886 1647 1035 1724 patronus
1056 1638 1270 1725 propemodum
1310 1699 1311 1702 ,

232 1754 508 1840 diligentissumns.
540 1753 648 1832 buius,
671 1757 701 1820 si
717 1757 799 1832 vita,
820 1757 848 1822 si
870 1775 993 1834 mores,
1015 1758 1044 1820 si
1064 1756 1166 1822 vultus
1189 1757 1272 1822 deni·

231 1891 291 1959 que
313 1893 375 1938 non
395 1892 517 1938 omnem
539 1873 838 1939 commendationem
859 1874 967 1958 ingeni
986 1883 1151 1952 everteret,
1172 1877 1273 1940 maius
1310 1895 1311 1950 t

229 2009 343 2057 nomen
365 1993 397 2056 in
418 1993 559 2076 patronis
577 1991 698 2057 luisset.
730 2011 794 2056 non
812 2001 881 2058 erat
898 1991 1079 2068 abundans,
1101 2011 1164 2058 non
1185 1995 1272 2078 inops

230 2118 350 2188 tamen,
377 2129 441 2174 uon
459 2109 553 2174 valde
575 2110 694 2186 nitens,
721 2128 785 2174 uon
806 2108 899 2194 plana
921 2107 1050 2175 horrida
1072 2112 1189 2189 orati03
1218 2131 1274 2177 vor
1310 2117 1311 2170 ἱ

229 2236 337 2311 gestus
368 2234 399 2291 ct
427 2229 529 2292 omnis
559 2228 641 2292 actio
672 2227 740 2290 sine
761 2225 885 2312 lepore3
915 2236 946 2292 at
974 2227 1174 2292 inveniendis
1196 2247 1273 2294 com-

231 2343 447 2430 ponendisque
468 2343 563 2410 rebns
593 2345 674 2408 mira
702 2346 878 2423 accuratio,
900 2354 1017 2410 utnon
1039 2344 1137 2412 facile
1160 2348 1193 2411 in
1212 2345 1272 2412 ullo

231 2459 461 2544 diligentiorem
476 2463 687 2548 maioremque
709 2464 926 2547 cognoverim,
949 2463 1006 2528 sed
1028 2481 1117 2541 eam,
1139 2472 1172 2528 ut
1189 2464 1271 2529 citius

230 2579 450 2643 veteratoriam
474 2598 566 2664 quarn
595 2582 765 2646 oratoriam
786 2580 919 2646 diceres.
962 2579 1014 2647 hic
1035 2582 1097 2646 etsi
1122 2583 1217 2648 etiarn
1242 2583 1270 2646 in

230 2693 364 2780 publicis
386 2698 493 2761 causis
512 2697 718 2784 probabatur,
745 2707 850 2766 tamen
869 2700 904 2766 in
923 2699 1054 2787 privatis
1073 2699 1271 2768 illustriorem

231 2811 390 2880 obtinebat
412 2813 524 2881 locum.

293 3029 340 3074 2³8.
361 3031 482 3090 *coementa
497 3035 626 3114 evertisset.
637 3054 665 3069 ·-·
683 3033 837 3088 inveniendis]
851 3035 873 3078 ln
887 3035 931 3077 inv.

230 3203 347 3271 imperato
365 3201 409 3255 ed.
427 3219 467 3272 pr.
491 3202 541 3272 Lg.
559 3203 726 3272 praetorto.
745 3203 786 3260 53.
802 3204 845 3259 68.
860 3205 918 3272 70.,
938 3205 1002 3258 item
1020 3203 1072 3260 (lu.
1088 3205 1113 3260 l.
1133 3206 1174 3273 (is
1189 3207 1269 3270 sine),

231 3284 303 3339 Ven.
318 3287 340 3340 l.
353 3286 378 3338 2.
391 3316 427 3326 —
447 3303 486 3340 ec
505 3287 617 3356 studio]
638 3289 675 3342 de
693 3289 795 3343 studio
812 3289 908 3345 Lamb.
939 3289 1184 3360 „Praepositionis
1201 3305 1269 3343 usum

228 3371 361 3424 rariorem
374 3371 523 3425 vindicavit
538 3369 719 3444 Oudendorp.¹
735 3376 763 3427 iu
777 3376 855 3430 Caes.
866 3373 901 3428 B.
915 3375 948 3428 G.
963 3374 1021 3429 Vll.
1032 3376 1081 3441 45,
1093 3375 1141 3430 2⁶⁶
1163 3375 1267 3445 Meyer.

297 3437 357 3510 nni.
394 3454 533 3525 Murena]
552 3460 591 3512 sic
608 3476 687 3528 pere
704 3460 773 3514 libri.
789 3491 820 3500 -
849 3459 964 3528 Turius]
982 3460 1021 3513 sic
1037 3459 1116 3514 codd
1132 3471 1161 3514 et
1177 3462 1219 3515 ed.
1233 3475 1268 3528 pr.
1311 3493 1312 3510 .

234 3537 358 3594 Thorius
377 3540 488 3610 Pighius
506 3550 524 3596 t.
543 3541 588 3599 lll.
608 3563 634 3614 p.
652 3545 711 3599 272.
730 3574 766 3587 ·-
790 3549 892 3614 itaque
910 3547 950 3612 ci]
969 3550 1074 3615 itaque
1091 3552 1121 3599 et
1141 3547 1205 3600 libri
1224 3544 1268 3613 Lg.
1311 3513 1312 3564 1

229 3624 458 3692 praemittitis.
480 3628 538 3692 70.,
559 3629 622 3682 item
641 3629 712 3684 Ven.
731 3632 754 3684 l.
779 3628 843 3684 Vot.
872 3629 923 3683 Gn.
942 3632 965 3684 l.
1054 3665 1057 3672 .

298 3711 357 3764 238.
396 3711 426 3766 0.
438 3709 556 3778 Macer]
573 3712 686 3768 Cancer
699 3715 741 3769 ed.
755 3732 796 3784 pr.
812 3723 840 3768 et
850 3714 944 3780 codd,
957 3721 985 3768 ut
994 3714 1116 3778 videtur,
1129 3731 1230 3768 omnes.
1240 3740 1269 3750 -

230 3794 529 3863 commendationem]
549 3801 819 3854 commendatorem
838 3800 881 3854 ed.
898 3817 938 3869 pr.
949 3828 981 3840 »-
1002 3800 1112 3870 inperat]
1133 3800 1174 3852 sic
1187 3799 1235 3869 Lg.
1247 3797 1268 3850 8.

229 3879 271 3934 51.
284 3879 326 3934 58.
352 3880 419 3934 Vsu.
436 3882 458 3936 l.
471 3909 506 3920 -—
531 3887 682 3952 everteret]
702 3890 853 3940 evertisset
869 3884 969 3938 inutilis
988 3884 1145 3937 coniectura
1158 3882 1269 3944 Ernesti,

228 3965 328 4020 dudum
345 3965 500 4036 improbato
513 3966 655 4022 Geretcnc
673 3970 708 4022 ad
722 3969 783 4026 Mil.
801 3971 841 4025 17.
862 3989 888 4041 p.
901 3970 960 4024 niv.
996 3969 1031 4024 V.
1052 3977 1150 4022 nostra
1168 3970 1196 4022 in
1210 3966 1269 4022 Bill-

228 4051 312 4106 rotbii
330 4051 446 4106 Gramm.
466 4050 527 4106 Laut.
547 4070 573 4122 p.
590 4053 665 4117 2764
690 4063 793 4108 certum
818 4064 859 4110 est
882 4055 954 4108 enirn
976 4053 1049 4106 illam
1073 4071 1155 4124 quam
1176 4059 1271 4108 vocant

228 4134 382 4205 ἐναλλαγὴν
393 4137 546 4206 imperfecti
560 4147 588 4192 et
598 4139 857 4212 plusquamperfecti
872 4140 951 4194 aliter
965 4156 997 4191 ac
1009 4155 1060 4192 uos
1074 4137 1190 4192 lecimus
1203 4145 1272 4192 recte

229 4220 361 4291 explicari
377 4239 433 4278 nou
448 4238 541 4292 posse.
552 4252 588 4266 -
611 4227 805 4297 concatenatos]
826 4233 890 4282 ante
907 4224 961 4281 boc
977 4227 1010 4281 ta
1026 4239 1081 4279 om.
1098 4223 1143 4280 ed.
1156 4241 1202 4295 pr.
1224 4221 1272 4292 bg.
