2660 4776
242 397 391 468 Boletos
412 398 712 487 scopulosus
733 403 836 476 ROM.
857 405 967 478 msc.
1038 409 1129 485 180

95 569 238 636 Veteribus
260 570 329 637 dicti
349 579 430 652 sunt;
451 575 555 641 abiicit
572 577 690 641 eosdem
705 580 787 661 Aper
807 579 839 642 in
854 577 978 662 dialogo
999 579 1037 646 de
1058 601 1129 648 ors·

94 671 198 736 toribus
213 667 279 754 (³),
307 675 421 741 Statius
448 685 546 742 nutem
572 681 762 746 oscitationes
786 683 873 748 Bruti
899 683 965 766 ipse
992 684 1130 750 oscitanti

94 772 176 856 longe
195 775 321 842 similior
339 795 449 846 tooure
469 799 559 844 ausus
581 781 657 862 est(
679 781 704 863 ).

467 1061 499 1118 0.
516 945 745 1120 Asffilorbsl’olllo.

169 1179 199 1243 (t.
220 1181 343 1242 Aetolos
361 1183 456 1245 ratleo
476 1193 565 1264 geute
585 1194 653 1250 ante
673 1187 770 1270 ipsum
790 1185 919 1250 obscura
939 1193 1021 1252 ortus
1043 1187 1130 1270 poesi

91 1278 192 1343 medina
214 1283 386 1347 constitutus
408 1294 453 1349 est
472 1288 550 1350 inter
570 1287 695 1352 liberam
713 1289 940 1370 rempublicam
958 1289 1130 1370 etAngusti

91 1383 287 1465 principatum.
319 1384 413 1448 Natos
431 1387 507 1450 enim
525 1408 553 1451 a.
574 1391 637 1454 678
648 1387 696 1470 (⁵)
712 1391 840 1454 honores
859 1391 919 1453 ium
935 1398 1003 1454 ante
1018 1390 1130 1452 bellum

90 1483 168 1546 ciuile
198 1493 295 1548 ortum
327 1487 420 1566 gessit
445 1495 475 1552 et
500 1490 597 1552 causis
624 1491 754 1556 dicendis
780 1511 840 1556 non
866 1491 999 1572 ignobile
1024 1508 1130 1554 nomem

89 1583 196 1662 babuit3
226 1587 343 1651 Caesar
363 1587 490 1654 dictator
511 1593 689 1656 amicitiast
709 1593 913 1658 familiaritate
932 1593 1052 1674 dignum
1072 1610 1129 1673 pu·

89 1687 154 1748 teuit
184 1695 213 1750 et
242 1688 283 1750 nd
308 1699 478 1772 praeturam
506 1693 632 1757 sustulit
673 1697 759 1758 Auno
780 1693 876 1758 altero
897 1701 965 1776 post
983 1671 1150 1775 praelium'

87 1783 272 1870 Philippense
300 1791 392 1873 (713)
414 1793 597 1856 consulatum
623 1797 738 1877 accepit
758 1794 935 1858 eoncedente
956 1795 1130 1870 Octauiano,

87 1891 165 1966 poesi
184 1892 216 1952 in
233 1893 397 1973 praemium
415 1894 583 1975 prudentis,
604 1895 657 1958 sed
673 1897 791 1977 publice
806 1896 994 1978 perniciosae
1010 1902 1130 1958 eunom·

85 1988 166 2051 tionis
181 1992 261 2054 inter
272 1993 483 2058 consensuum
499 1993 656 2058 lectionem
674 2005 703 2059 et
718 1997 866 2060 Eleutetis
883 1995 1079 2070 defensores(
1103 1998 1128 2078 ).

87 2088 141 2154 cm
166 2091 308 2156 (lamonia
339 2103 440 2176 partes
470 2103 588 2158 secutus
614 2097 653 2159 sit
673 2097 739 2178 ipse
767 2097 964 2178 probabiliter
994 2098 1131 2180 exposuit

24 2183 26 2192 ’
86 2194 210 2257 scribens
234 2195 273 2257 ud
290 2193 463 2259 Ciceronem
476 2195 594 2262 Diuers.
610 2197 649 2260 X.
668 2199 719 2261 30.
754 2197 830 2260 Nam
850 2199 923 2260 sotis
944 2199 1008 2262 eius
1024 2216 1130 2262 nomeu

85 2291 166 2357 bellis
184 2295 326 2360 (lassaris
347 2297 527 2360 illustratum
548 2305 629 2375 erat,
650 2299 684 2360 in
704 2297 809 2380 poibm
828 2306 929 2380 partes
949 2299 1029 2362 baud
1045 2317 1130 2382 spera

85 2395 189 2459 mendas
221 2399 325 2478 gessit.
371 2397 550 2462 interimeret
577 2402 653 2463 euim
681 2400 798 2484 praelio
825 2401 1015 2476 Pharsalico,
1046 2400 1129 2464 bello

85 2507 251 2576 persecutus
274 2505 319 2562 est
337 2500 367 2560 in
384 2501 489 2564 Africa
508 2501 721 2584 Pompeianos,
742 2503 887 2583 insignem
908 2519 1030 2584 operum
1052 2500 1129 2565 Goe-

86 2600 142 2661 sari
167 2601 289 2665 navarit
313 2617 415 2683 pugne
443 2603 522 2684 epod
542 2603 685 2666 Mundum
705 2605 868 2686 Hispaniae
893 2605 1049 2668 commissu
1068 2601 1129 2683 (⁷).

85 2697 153 2762 Cum
166 2704 296 2766 Antonio
317 2701 373 2764 init
394 2703 432 2764 ad
452 2721 556 2785 pacem
576 2723 671 2786 usqne
687 2705 895 2768 Brundisinam
910 2702 979 2784 (⁸);
1001 2705 1069 2768 dein
1091 2702 1131 2767 sd

85 2799 240 2866 Gaesarem
262 2805 455 2868 Octauianum
480 2805 611 2880 mandit,
639 2807 702 2869 sive
722 2806 870 2869 luxuriem
887 2805 969 2867 illiue
991 2815 1021 2868 et
1041 2805 1131 2868 Gleo-

82 2912 185 2982 patrae
218 2905 419 2986 impotentiam
450 2923 575 2986 perosus
608 2905 672 2968 siue
703 2907 783 2986 quod
815 2905 887 2967 talis
912 2922 1011 2967 rerum
1038 2913 1131 2968 status

83 2999 270 3066 mutationem
288 3006 448 3086 properari
466 3003 668 3088 praesidebat.
699 3005 860 3086 Postquam
877 3022 933 3086 pro
956 3004 1077 3068 consede
1094 3004 1132 3067 de

82 3103 228 3167 Dalmatis
249 3105 496 3186 triumphaverat,
522 3106 560 3167 ab
580 3105 742 3168 bonoribus
764 3113 793 3168 et
816 3106 984 3168 muneribus
1003 3105 1133 3186 publicis

83 3205 221 3286 gerendis
238 3223 304 3270 sese
318 3207 443 3270 remouit
459 3213 500 3284 et,
519 3225 582 3270 cnm
600 3207 758 3274 ditissimus
775 3214 868 3282 esset,
890 3207 921 3268 in
940 3207 1001 3269 otio
1011 3207 1131 3270 literato

84 3309 243 3372 consenuit.
275 3308 348 3378 ,Nec
374 3316 457 3370 tanta
485 3309 547 3371 eins
574 3309 641 3372 laus
671 3310 804 3372 oratoria
823 3309 893 3384 fnit,
924 3325 989 3374 cnm
1008 3309 1131 3373 uirtutes

84 3411 225 3490 quasdam
251 3411 283 3474 in
309 3410 364 3472 illo
391 3427 502 3489 genere
522 3411 683 3473 maioribus
705 3411 782 3474 vitiis
805 3411 993 3488 exstinguere
1013 3409 1132 3473 uidere·

84 3519 141 3589 tur,
164 3531 253 3594 paam
274 3512 427 3594 scriptoris
448 3513 655 3586 historiarum
677 3528 732 3574 neo
751 3511 905 3592 scriptoris
920 3518 1002 3592 tanta
1017 3527 1131 3588 rursus,
1205 3535 1210 3558 ι

85 3622 193 3692 poento
223 3615 408 3677 literatorum
437 3615 585 3676 bominum
615 3613 743 3674 fautoris
777 3619 806 3673 et
834 3611 929 3674 amici.
978 3611 1072 3676 Huius
1099 3612 1132 3673 iu

86 3713 264 3778 orationibus
292 3727 401 3796 magno
429 3722 495 3778 erat
521 3711 707 3779 mactationis
727 3699 898 3794 diligentia,
926 3713 1022 3778 maior
1043 3713 1131 3778 etiam

88 3874 294 3892 ψ

150 3977 178 4048 3)
204 3997 226 4034 c.
242 3979 286 4036 21.
371 3979 401 4046 4)
425 3979 494 4034 Silv.
517 3975 564 4032 lx.
588 3971 631 4035 20.
719 3979 748 4047 5)
770 3977 817 4034 De
839 3978 894 4033 boc
916 3991 945 4031 v.
962 3971 1130 4030 Therbeeluli

87 4061 178 4118 librom
197 4061 285 4136 Lngd.
304 4083 328 4119 a
343 4062 411 4120 leno
429 4061 546 4128 editum
572 4079 722 4136 quenquam
746 4063 770 4118 is
792 4061 919 4118 deauco
936 4061 1128 4126 omniorum

88 4149 223 4218 expedivit
245 4147 388 4206 Gllntonus
410 4147 556 4206 secondum
578 4147 733 4206 Eusebium.
820 4149 849 4217 6)
873 4148 993 4218 Appiam.
1017 4143 1064 4201 111.
1084 4142 1128 4201 97.

89 4229 202 4304 ⁷)App.
221 4231 255 4294 ll.
270 4233 312 4294 62.
337 4235 410 4292 Plut.
428 4233 570 4296 Gaea-52.
592 4235 666 4292 Veli.
684 4234 718 4293 ll.
731 4232 773 4290 73.
813 4323 816 4328 Ι
860 4232 891 4302 8)
906 4231 1026 4306 Appiae.
1038 4227 1128 4288 VM.
