2644 4774
184 441 312 514 '432
534 433 940 506 uxnutunulonns

215 607 470 694 germunvilla
498 629 602 688 mum,
633 609 713 692 quod
741 627 928 672 numerorum
949 607 1141 672 concinnitati
1169 607 1261 689 inepte

215 713 343 778 deditum
360 713 449 796 plane
465 713 563 775 otiosa
578 713 736 776 verborum
752 711 964 794 complementa
978 717 1120 785 sectetur,
1143 709 1264 772 Qrun

214 815 363 894 Hegesiae
385 813 480 876 simile
501 815 629 877 numeris
650 813 754 876 tractis
776 821 806 875 et
825 813 960 888 minutis,
982 813 1102 875 tertium
1122 830 1183 874 nom
1206 819 1264 873 tan

214 917 348 982 uersutis
369 933 456 996 qaam
476 917 581 998 cupias
602 923 632 978 et
649 915 792 977 uhmtafis
811 915 843 976 in
865 913 988 978 fficendo
1009 913 1181 976 studiosum

299 1017 433 1076 Milesius
459 1015 622 1092 Aeschines]
654 1015 778 1091 „solum
807 1021 924 1078 seuere
955 1023 1075 1078 coactns
1108 1022 1168 1088 est,
1202 1031 1264 1077 cum

215 1119 386 1200 Pompeium
412 1115 569 1178 immodica
594 1115 732 1178 libertato
754 1117 988 1198 perstrinxisset:
1013 1135 1042 1179 r.
1064 1115 1265 1180 strinxit

215 1239 245 1302 p.
258 1219 330 1282 635.
365 1217 446 1280 lolem
462 1211 635 1292 πολιτικὸς
651 1213 862 1303 συγγραφεὺς
877 1216 984 1280 dicitnr
998 1217 1129 1296 Diogeni
1142 1218 1265 1280 Laertio

216 1320 253 1384 ll.
265 1322 317 1384 oo.
351 1319 431 1382 luter
447 1319 541 1381 honos
559 1316 773 1382 declamatores
789 1318 891 1382 retulit
901 1318 1017 1383 Seneca
1028 1317 1205 1384 Controul.
1216 1319 1265 1382 s.“

216 1425 324 1497 Mopso.
1315 1455 1316 1466 κ

213 1549 217 1558 ·
301 1521 375 1584 326.
418 1523 511 1580 oratio
539 1553 581 1563 —-
602 1519 728 1599 uibrans]
757 1528 900 1604 sumptum
925 1521 1022 1586 simile
1049 1521 1088 1584 alt
1114 1522 1263 1584 hastarum

216 1631 246 1686 et
261 1622 389 1706 pilorum
404 1620 599 1698 iaculatione,
617 1640 703 1703 quae,
719 1641 784 1686 cum
798 1624 909 1686 librata
925 1631 954 1686 et
970 1630 1106 1686 contorta
1122 1623 1267 1697 teruntur„

216 1723 373 1788 maximam
382 1721 441 1786 rim
452 1739 490 1783 ex
501 1723 652 1786 celeritate
660 1725 878 1788 nanciscuntur:
896 1725 934 1786 of.
947 1724 1092 1805 'l'oupium
1110 1725 1267 1803 inLougi-
1316 1746 1317 1806 o

216 1843 285 1888 uum
306 1843 336 1906 p.
359 1824 430 1886 306.
450 1821 585 1888 Weislii.
627 1824 755 1907 Proprie
776 1825 850 1888 uixit
870 1825 985 1889 Plinius
1005 1826 1194 1905 Panegyrico
1215 1827 1267 1888 13:
1316 1807 1317 1844 ³

216 1947 280 1986 urm
296 1957 339 1968 —
355 1923 466 2002 siquod
477 1923 595 2004 (telum)
606 1924 706 1985 durius
722 1931 870 2004 accipienti
884 1927 1034 1997 uideretur,
1051 1930 1113 2004 ipse
1128 1927 1268 1987 cihrores.

216 2024 376 2090 Translate
393 2023 429 2086 dc
445 2025 474 2088 vi
487 2026 696 2089 sententiarum
712 2025 842 2089 fulminis
858 2027 953 2090 instar
963 2027 1090 2090 animum
1099 2027 1270 2092 ferientium
1317 2064 1318 2144 p

216 2128 247 2190 in
263 2127 365 2212 primis
381 2124 488 2188 dacore
505 2125 611 2189 dicitur
624 2127 746 2186 uibrare.
775 2127 972 2204 Quintilianus
982 2129 1021 2191 X.
1036 2131 1068 2204 l,
1080 2129 1137 2192 60:
1154 2149 1269 2190 summu
1317 2151 1318 2182 r

216 2233 247 2289 io
267 2230 319 2289 hoc
339 2225 546 2308 (Archilocho)
575 2232 620 2288 oia
646 2228 833 2300 elocutionis:
856 2249 919 2289 cruc
942 2229 1057 2290 ualidos
1082 2239 1145 2290 tuna
1171 2231 1271 2292 hracoe

216 2329 411 2407 uilrootcsquc
430 2333 594 2388 sentcntiae.
635 2328 701 2392 XII.
724 2331 757 2406 9,
781 2332 817 2392 3:
847 2339 879 2390 ot
900 2334 927 2390 si
946 2335 1019 2391 iuris
1042 2331 1195 2406 oofruotus
1219 2341 1271 2393 uut

217 2429 354 2490 suonam
368 2432 499 2488 ueritatis
516 2429 642 2489 latebras
659 2430 739 2490 odirc
756 2441 869 2509 cupetur
884 2429 1026 2511 (oratio),
1045 2453 1103 2493 ooo
1120 2433 1271 2511 ohcouitu

217 2530 257 2589 tu
273 2548 323 2589 occ
338 2529 397 2588 illis
413 2529 588 2589 uibrantibus
605 2533 783 2611 incitatisque
798 2537 944 2594 secuntiis
959 2541 1096 2610 tauquam
1111 2535 1271 2594 missilibus
1318 2523 1319 2554 i

216 2637 320 2688 utatur.
362 2627 437 2692 Hinc
461 2630 585 2690 ioculari
605 2631 749 2692 uibrantes
768 2639 922 2695 ocotcotios
944 2632 1028 2696 duxit
1048 2633 1203 2697 commone
1222 2635 1270 2698 lu·

218 2736 302 2792 cutus
328 2727 406 2791 idem
432 2730 559 2812 scriptor
579 2729 632 2794 xl.
655 2735 691 2809 3,
714 2735 769 2796 20:
798 2734 920 2796 cauam
944 2735 1008 2794 licet
1032 2754 1096 2806 cos,
1129 2740 1182 2813 qui
1203 2757 1270 2796 sca-

216 2835 320 2890 tentias
347 2831 491 2890 oihruotcs
517 2832 614 2908 nuptus
639 2835 812 2896 inculcante.
854 2834 893 2898 Et
914 2835 950 2897 de
970 2834 1197 2899 maledictorum
1224 2838 1268 2899 in·

216 2931 377 2994 sectatione
397 2931 450 2994 IX.
471 2935 507 3008 2,
529 2935 586 2996 79:
614 2942 646 2992 ut
674 2939 702 2994 si
725 2943 807 3013 puter
828 2971 867 2982 —-
896 2937 1071 2996 mutamur
1096 2941 1129 2996 io
1149 2957 1268 2998 acorem

217 3033 336 3110 obliquis
356 3037 511 3093 aaronis.
542 3033 627 3098 Adde
643 3034 775 3099 Saleium
788 3037 913 3100 Bassum
931 3039 994 3100 sive
1016 3038 1081 3118 quis
1104 3039 1185 3100 alius
1202 3056 1268 3101 car-

216 3149 282 3195 men
302 3133 334 3194 in
349 3131 487 3196 Pisonem
508 3135 627 3217 scripsit
645 3155 674 3199 v.
691 3137 750 3200 tr:
770 3137 910 3218 moscqoo
929 3140 1041 3199 uibrata
1063 3140 1192 3200 iucuhri
1208 3139 1270 3214 fut-

216 3238 296 3294 uoiuc
316 3234 423 3311 liupuu.
465 3235 552 3316 Apud
572 3236 744 3300 Ciceronem
762 3245 859 3301 autem
879 3240 988 3300 uilruri
1007 3247 1052 3314 et,
1075 3239 1159 3320 quod
1181 3239 1271 3302 affine

217 3343 275 3411 est,
298 3340 474 3414 contorqueri
494 3338 619 3401 manime
640 3339 750 3402 usitata
767 3347 834 3402 sunt
850 3339 886 3402 tlc
902 3357 1090 3403 numerorum
1107 3349 1182 3422 apta
1199 3359 1269 3404 con-

217 3435 362 3510 clusione,
385 3451 462 3516 quac
484 3453 548 3500 cum
568 3439 690 3502 fulmine
711 3441 742 3504 ri
757 3440 879 3504 caelesti
895 3449 1029 3504 contorto
1047 3450 1270 3524 comparantur.

217 3537 341 3612 01270,
363 3537 439 3600 234:
462 3543 541 3599 ouius
563 3538 872 3622 (Demosthenicum
894 3551 955 3603 tum
975 3543 1122 3603 oihrurcut
1143 3544 1272 3617 fulcoino

215 3641 285 3711 otta,
308 3645 364 3699 uisi
384 3644 508 3700 cumeris
531 3649 660 3702 contorto
678 3643 836 3717 surrectum
858 3644 878 3705 i.
897 3661 923 3706 e.
945 3661 1004 3706 non
1025 3660 1062 3706 aa
1079 3645 1112 3706 ui
1129 3643 1271 3707 lenircnt:

217 3757 277 3822 quo
296 3739 364 3802 looo
383 3729 474 3801 utitur
490 3739 689 3818 Quintilianus
703 3743 756 3806 tx.
768 3745 803 3818 4,
816 3743 868 3808 55.
901 3745 1044 3808 Similiter
1058 3744 1179 3807 Plinius
1197 3744 1273 3807 uixit

216 3850 397 3920 contorquere
423 3839 499 3923 Epp.
520 3843 556 3908 V.
584 3845 641 3918 20,
664 3846 701 3906 4:
736 3842 870 3924 (Graeci)
897 3846 1022 3923 supinas
1047 3845 1185 3924 periculos
1212 3865 1272 3904 uno

215 3947 319 4022 spiritu
347 3950 537 4021 contorqueat.
581 3943 620 4008 Et
641 3943 839 4021 Quintilianus
862 3946 901 4010 X.
924 3949 960 4022 7,
985 3947 1041 4009 14:
1070 3965 1134 4004 utut
1166 3945 1273 4020 infulis

215 4043 269 4103 illu
289 4043 436 4103 oculorum
458 4045 604 4106 cavillatio
626 4051 744 4106 occessit
763 4079 823 4119 -,
847 4067 905 4108 ooo
925 4055 1019 4127 potest
1038 4047 1113 4122 ferri
1136 4053 1270 4107 cocum

215 4146 268 4202 ets.
299 4143 351 4208 Vis
372 4143 448 4207 enim
468 4147 676 4209 sententiarum
696 4155 824 4228 augetm
844 4149 972 4234 numeris
992 4146 1214 4223 accedentibus,
1234 4151 1271 4206 ut

217 4240 322 4306 tlicero
343 4245 375 4306 iu
388 4245 515 4309 Oratore
536 4254 566 4310 et
583 4265 621 4314 ex
636 4265 672 4312 co
687 4246 887 4330 Quintilianus
901 4250 924 4315 1.
942 4268 968 4315 c.
985 4248 1268 4333 pronmtiarermt:
