2676 4774
223 405 371 476 BREVIS
391 407 689 492 ELOQUENTIAE
711 411 813 482 ROM.
835 412 943 482 lttsr.
1044 417 1101 488 ii!

68 581 215 662 multisque
235 582 386 663 utriusque
405 583 510 664 populi
527 585 599 646 uiris
620 585 699 648 ultro
718 587 851 667 citroque
872 589 1100 652 commeantibus

68 684 117 746 etsi
136 683 299 762 gliscebant
312 684 394 746 uitia
415 684 555 746 Romanis
581 687 756 764 ingenerata
777 687 921 751 auaritiae
946 697 975 750 et
996 707 1099 770 super-

68 784 141 858 biae,
167 785 259 846 uilrilo
281 792 377 848 tamen
398 786 491 848 minus
513 787 603 848 moris
625 787 739 868 antiqui
759 788 903 870 plurimae
924 797 1024 872 partes
1050 807 1099 854 rc-

68 891 156 945 tentae
181 893 256 947 sunt.
299 885 462 984 Voluerunt
488 887 581 964 igitur
603 887 735 950 Graecae
760 887 865 950 literae
892 898 921 952 ct
948 897 1027 952 artes
1053 909 1099 965 co,

67 992 94 1046 ut
117 1001 212 1046 rerum
237 986 431 1050 laudabilium
457 995 485 1050 et
510 989 678 1066 cognitione
705 987 860 1067 dignarum
889 991 994 1053 notitia
1022 991 1101 1072 apud

68 1085 204 1148 Romanos
231 1095 392 1164 cresceret,
421 1087 474 1150 sed
502 1105 560 1150 non
584 1087 658 1150 adeo
686 1089 718 1150 in
744 1097 853 1151 mentes
879 1090 1025 1153 lominum
1053 1091 1100 1154 in-

66 1185 216 1262 luxerunt,
248 1196 281 1250 nt
312 1189 557 1254 obliviscerentur
587 1207 645 1251 non
678 1190 838 1252 otiosornm
870 1191 1101 1267 oblectamentis,

67 1285 113 1346 sed
130 1289 217 1350 armis
239 1295 270 1352 et
296 1290 452 1371 prudentia
472 1289 593 1372 publica
614 1291 742 1353 creuisse
763 1291 908 1354 ciuitatem
929 1293 1100 1356 Romanam.

67 1386 167 1450 Mansit
191 1389 272 1472 apud
299 1392 458 1473 plerosque
485 1407 548 1454 mna
573 1389 774 1453 adolescentes
801 1411 857 1454 nau
882 1409 980 1454 rernm
1006 1391 1100 1454 maxi-

69 1505 167 1552 marum
194 1499 223 1553 et
250 1491 437 1555 laudatorum
459 1493 564 1555 citium
586 1493 776 1555 contubernio
799 1492 967 1568 erudiendi3
996 1493 1101 1555 mansit

66 1589 147 1652 bonos
173 1593 248 1654 iuris
272 1593 445 1673 prudentiae
471 1593 631 1657 sententiae
654 1565 822 1655 senatoriae
842 1595 968 1675 peritiae
991 1595 1100 1657 milita-

67 1691 115 1751 ris:
135 1692 178 1754 bis
199 1695 384 1775 potissimum
405 1696 517 1758 artibus
539 1694 577 1756 ad
597 1695 725 1756 bonores
746 1697 985 1774 perveniebatur3
1007 1713 1101 1778 quen-

68 1807 144 1869 quam
158 1795 275 1857 nohiles
291 1793 327 1856 de
341 1783 474 1876 potentia
489 1814 544 1858 sua
561 1794 666 1857 dudnm
685 1796 782 1857 securi
799 1813 819 1856 a
834 1795 941 1858 labore
959 1797 1102 1857 castrensi

67 1891 233 1956 abstinentes
257 1894 379 1958 delicias
398 1897 528 1958 urbanas
550 1905 578 1958 et
599 1896 764 1958 faciliorem
785 1897 928 1959 bonorum
948 1897 1026 1958 riam
1047 1913 1102 1976 per

67 1989 229 2072 largitiones
253 2004 283 2058 et
312 1996 470 2060 blanditias
499 1997 654 2078 praeferre
681 2005 849 2076 coeperant.
891 1997 1036 2058 Idunum
1064 2015 1102 2058 ex

67 2094 186 2171 pristinis
207 2098 349 2160 institutis
371 2105 509 2159 mutatum
532 2104 588 2170 est,
617 2095 711 2176 qnod,
738 2113 802 2158 cnm
822 2113 892 2156 usus
915 2097 1102 2176 eloquentiae

67 2193 92 2253 iu
110 2197 309 2280 multiplicatis
328 2198 445 2260 iudiciis
467 2206 495 2260 et
515 2197 675 2260 eruditiore
691 2199 802 2280 populo
823 2200 854 2261 in
873 2199 935 2260 dics
955 2197 1103 2260 illustrior

67 2293 152 2376 ieret,
184 2309 307 2382 praeter
337 2301 467 2364 Graecos
497 2301 584 2361 etiam
610 2300 710 2361 Latini
741 2299 856 2362 dicendi
887 2299 1022 2376 magistri
1050 2315 1102 2359 ex-

68 2398 197 2464 stiterunt.
242 2403 355 2465 Horum
382 2403 519 2484 princeps
549 2402 585 2464 L.
607 2401 721 2464 Plotius
747 2401 850 2464 Callus
879 2401 972 2462 inisse
998 2400 1102 2474 fertur,

68 2498 100 2558 td
124 2520 208 2581 quern
237 2521 376 2582 magnum
404 2504 551 2566 lnominnm
577 2521 749 2565 concursum
779 2503 888 2564 iactum
920 2501 1019 2563 dicunt
1038 2496 1102 2578 (ὢ),

68 2615 121 2662 cum
143 2621 209 2666 sese
237 2606 375 2668 extremis
395 2605 430 2668 L.
453 2605 555 2669 Crassi
581 2606 708 2671 oratoris
737 2603 917 2684 temporibus
939 2602 1101 2664 extulisset.

66 2697 90 2759 Is
108 2701 309 2784 longissimam
329 2707 419 2768 uitam
439 2707 554 2780 babuit,
570 2707 609 2766 -ai
637 2705 753 2786 quidem
780 2713 809 2766 et
829 2704 924 2766 Marii
945 2703 1102 2765 familiaris

67 2799 113 2863 init
132 2820 188 2866 soa
210 2814 297 2884 gesta
318 2808 380 2867 eins
404 2807 538 2868 oratioue
560 2807 705 2868 celebrari
732 2823 821 2886 posse
843 2805 1035 2867 existimantis
1049 2800 1101 2880 (5⁶)

68 2909 90 2962 et
108 2907 322 2987 qninquaginta
344 2907 428 2967 annis
455 2913 522 2985 post
542 2907 715 2985 Sempronio
737 2907 873 2966 Atratino
896 2904 1036 2966 aduersus
1056 2905 1100 2965 M.

68 3000 190 3068 Caelium
213 3008 311 3086 capita
332 3005 529 3066 accusationis
553 3005 732 3084 composuit,
762 3003 840 3083 qnod
861 3003 909 3064 hic
930 3002 1102 3066 aduersario

68 3123 119 3168 cnm
140 3107 275 3170 conuicio
297 3105 459 3186 exprobrat
479 3100 542 3184 (5⁷).
585 3105 640 3167 ttic
661 3104 775 3166 Plotius
796 3105 977 3185 potissimum
998 3112 1103 3184 tange-

67 3205 143 3271 batur
167 3207 264 3270 edicto
287 3207 426 3287 autiquae
448 3206 613 3270 seueritatis
636 3205 822 3286 plenissimo,
844 3223 903 3286 quo
924 3205 959 3268 L.
977 3205 1103 3268 Crassum

67 3315 90 3368 ct
109 3310 159 3372 Cn.
182 3309 328 3372 Domitius
356 3323 493 3372 censores
522 3325 550 3369 a.
573 3309 634 3370 ccl
656 3307 791 3369 Latinos·
805 3308 939 3370 rhetores
971 3325 1009 3381 ex
1032 3307 1103 3370 ciri-

68 3453 267 3468 ¹——n—

128 3557 173 3624 55)
197 3574 240 3626 ep.
261 3556 400 3613 Ciceronis
426 3557 462 3612 ad
481 3557 607 3611 Titinium
635 3555 708 3624 opud
728 3554 841 3607 Sueten.
866 3551 901 3606 de
919 3553 982 3606 clar.
1001 3552 1102 3605 rhetor.

71 3655 88 3690 c.
105 3641 125 3696 l.
200 3643 245 3709 56)
263 3641 378 3706 Errant,
398 3651 427 3695 ut
439 3642 576 3696 Gesnerus
596 3649 624 3694 et
636 3639 783 3702 Eruestns,
803 3639 847 3706 qui
862 3637 979 3691 Plotium
994 3640 1103 3706 poitaur

72 3723 160 3782 iaciunt
179 3737 294 3799 propter
311 3728 454 3795 Archiam,
478 3729 505 3782 in
526 3745 581 3798 quo
599 3723 773 3779 defendendo
792 3741 850 3777 rem
868 3723 989 3793 prodidit
1006 3723 1104 3778 Cicero

71 3826 90 3862 c.
106 3811 129 3867 9.
162 3813 301 3868 ilistorieo
324 3830 392 3884 opus
410 3821 470 3868 erat
489 3814 525 3867 ad
543 3811 618 3866 bella
630 3809 714 3862 Marii
732 3810 834 3878 scripto
855 3809 1028 3879 exornanda,
1053 3825 1106 3862 nec

73 3893 159 3952 Cicero
178 3901 320 3969 quicquam
339 3899 398 3954 vult
414 3899 465 3952 nisi
480 3899 617 3952 literatum
635 3894 772 3948 hominem
785 3891 948 3963 significare.
980 3892 1105 3945 Contem-

72 3980 134 4035 nitur
146 4001 163 4037 a
174 3985 300 4040 Varrone
315 3984 518 4056 apudNonium
532 4001 559 4039 v.
573 3979 774 4040 indaletium,-
788 3974 1105 4032 commemoratnriluin·

72 4063 156 4121 tiliano
174 4068 206 4126 lt.
226 4072 257 4137 4,
274 4071 316 4126 di.
344 4070 390 4126 ΧΙ.
409 4069 439 4135 ³,
461 4068 519 4124 lta.
542 4069 666 4122 Senecae
680 4065 813 4122 concor.
831 4059 862 4115 ΙΙ.
882 4059 1034 4131 prooemio.
1069 4055 1105 4110 tlt

72 4147 246 4232 quintilianus
260 4156 367 4225 quidem
382 4156 417 4210 da
429 4163 506 4226 gestu
514 4153 632 4208 Plotium
643 4151 786 4224 scripsisse
800 4153 900 4200 namet.
977 4143 1023 4212 57)
1037 4142 1108 4198 sce·

73 4235 154 4292 tonius
170 4239 188 4296 l.
206 4259 230 4297 c.
268 4241 350 4297 Dicta
368 4257 451 4296 caasa
469 4237 669 4296 caetitatem
