2644 4774
231 421 396 494 RERUM
417 419 465 490 IN
488 421 641 491 GOMM.
665 423 788 494 cmi.
813 423 1027 494 TRACTT.
1059 427 1153 500 445

107 591 135 646 Ε
153 599 181 648 ei
199 595 212 647 i
231 607 283 663 pro
302 592 471 649 Graecorum
490 595 515 648 ῖι
532 593 606 648 dicta
622 591 682 650 366.

107 675 254 750 Enallaye
274 677 336 733 336.

106 760 203 817 Error
220 772 248 818 et
269 769 366 820 terror
383 763 497 820 conium
514 765 538 819 7.

106 847 148 902 m
163 849 352 920 impositum,
370 857 399 904 nt
416 849 503 905 altero
518 850 581 904 loeo
599 847 763 918 membrum,
781 850 870 906 oiiero
888 847 998 906 incisum
1012 850 1155 924 subiungot

138 933 200 989 337.
217 963 254 974 -
274 941 304 989 et
322 943 350 989 ei
369 941 423 990 aut
440 935 554 990 confuse
572 933 629 988 135.
665 941 695 989 et
712 938 777 991 iam
794 945 822 991 ei
838 941 932 994 eiiam
949 936 1062 992 confusa
1079 939 1122 1000 66.

106 1018 235 1074 Eminet
257 1019 327 1075 dem
347 1019 528 1076 Ciceroniana
548 1019 591 1089 93.

105 1103 237 1160 Exsiare
256 1114 284 1160 et
304 1111 443 1161 constare
461 1104 575 1161 conium
594 1103 655 1162 333.

107 1339 237 1399 Geniiioi
254 1341 391 1396 nominum
404 1341 572 1398 Graecorum
586 1344 686 1398 tertiae
699 1342 888 1398 declinationis
907 1344 934 1400 in
952 1346 965 1399 ἰ
977 1349 1109 1399 exeuntes
1125 1343 1152 1398 6,

107 1425 213 1485 Gloria
231 1428 343 1484 diverso
359 1423 559 1499 significatione
577 1429 717 1501 explicata
733 1427 793 1484 383.
1172 1425 1177 1434 ’

107 1511 296 1568 Glossemaia
314 1515 342 1566 in
357 1511 447 1568 Bruto
467 1512 599 1568 116138.
616 1511 870 1570 141.366.386.-
895 1512 964 1568 iniso
982 1512 1075 1570 habita
1094 1514 1151 1570 173.

135 1597 196 1652 333.
214 1627 249 1638 -
274 1599 302 1652 in
320 1597 416 1652 codice
434 1597 561 1653 Gudiano
581 1598 604 1654 1.
625 1599 746 1670 ascripta
761 1599 804 1655 33.
823 1597 864 1656 ia.
884 1598 943 1656 166.
960 1597 1020 1658 376.
1038 1597 1098 1655 am.
1117 1629 1152 1640 -

136 1683 164 1737 in
182 1682 331 1738 Porisiensi
349 1682 382 1737 D.
402 1681 460 1738 166.

105 1765 224 1824 Gnarm
243 1785 359 1841 quanm
377 1777 514 1824 otmarus
531 1767 702 1826 1176163336.

101 2002 163 2063 Hic
181 2005 292 2077 quondo
308 2005 464 2077 ponendum
481 2007 532 2074 eit,
553 2023 608 2062 non
626 2010 654 2062 ir
673 2007 715 2064 63.

101 2223 120 2278 1
135 2234 164 2280 et
181 2242 198 2279 e
215 2225 319 2297 pariter
337 2241 390 2296 pro
408 2224 578 2280 Graecorum
596 2232 621 2281 ἐῑ
638 2226 711 2281 dicta
728 2225 788 2280 366.

101 2309 136 2368 In
155 2317 183 2365 ei
201 2313 232 2368 oi
248 2311 276 2366 in
293 2309 371 2366 libris
388 2311 498 2383 scriptio
516 2328 572 2367 non
590 2310 713 2383 dignosci
731 2311 790 2366 331.
912 2357 923 2376 ,

99 2527 213 2586 Laetus
231 2530 311 2584 latur
330 2530 422 2598 iarun
435 2529 515 2585 simiii
534 2526 687 2602 significatu
707 2528 764 2585 116.

99 2614 190 2670 Lenis
208 2623 236 2670 et
254 2615 325 2670 levin
343 2614 456 2670 confuse
473 2615 514 2670 66.
531 2615 592 2672 359.

99 2697 206 2754 Litera
224 2699 349 2771 proximo
368 2699 505 2755 vocabulo
525 2719 561 2756 ex
581 2702 674 2773 priore
692 2701 811 2756 haerens
829 2699 886 2756 133.

100 2783 200 2857 Loqui
218 2785 370 2841 dediscere
388 2785 553 2856 explicatum
570 2787 613 2839 51.

99 3003 148 3061 Μ’
166 3011 195 3058 et
212 3003 256 3058 M.
274 3005 480 3075 praenominum
497 3003 583 3074 siglae
599 3001 730 3057 confusae
750 3001 806 3056 1⁰8.

98 3089 266 3162 Mytilenae
282 3091 383 3146 rectius
403 3107 482 3162 quem
500 3087 668 3162 Mitylenae
688 3086 746 3143 163.

97 3310 201 3366 Neruo
219 3327 312 3366 namo
329 3318 358 3366 et
373 3327 487 3383 ymarus
503 3325 616 3382 quanm
634 3307 695 3362 336.

97 3395 271 3466 Numquam
289 3403 317 3450 et
334 3412 487 3466 numnam
503 3396 655 3466 scriptume
672 3392 808 3448 indicatae
824 3390 850 3447 3.

94 3611 245 3672 Picariae
262 3622 290 3669 et
301 3619 467 3699 peeuqriae
487 3613 618 3670 confusae
636 3611 677 3666 85.

94 3698 215 3755 Ponere
230 3709 257 3754 et
268 3717 441 3774 proponere
458 3698 571 3755 confuse
591 3696 650 3751 163.

94 3783 211 3840 Poiero
232 3794 260 3839 ei
273 3791 402 3858 potuero
421 3783 535 3840 confusa
551 3781 593 3838 31.

92 3867 288 3925 sternentem
304 3870 375 3924 maie
395 3869 515 3924 additum
537 3865 595 3921 163.
611 3864 672 3919 356.

94 4087 166 4153 Qua
183 4089 220 4143 de
237 4106 270 4142 re
288 4091 388 4162 emitur
405 4086 522 4142 formula
539 4085 713 4140 distinetione
729 4099 785 4137 non
805 4082 984 4154 disiungendo
1001 4082 1059 4138 375.

95 4172 290 4245 &amquam
308 4182 336 4228 et
357 4188 529 4245 quanquam
546 4173 697 4242 scriptume
713 4167 850 4224 iudicatae
865 4167 891 4222 8.

94 4257 192 4324 Queri
207 4267 236 4312 ei
253 4275 394 4328 quaerere
412 4256 526 4313 confuso
545 4265 574 4312 et
591 4256 719 4312 distinete
738 4253 795 4310 167.
