2640 4780
229 405 327 476 aaa
622 397 890 469 ciceronis
959 342 970 358 ²

230 575 325 640 etiam
344 569 383 636 T.
403 567 525 636 Annius
547 567 663 636 Velina
691 579 722 636 et
748 574 780 636 in
802 571 871 637 eius
895 571 1022 655 generis
1044 573 1151 638 causis
1172 582 1263 640 orator

229 711 307 758 sane
328 688 514 756 tolerabilis.
558 686 593 752 lu
611 688 721 754 eodem
739 707 856 772 genere
880 709 1047 755 causarum
1066 689 1191 756 multum
1207 700 1261 756 erat

229 807 268 874 T.
282 805 454 886 luventius,
475 807 569 872 nimis
590 805 646 870 ille
664 806 789 892 quidem
802 807 906 872 lentus
927 808 1109 874 indicendo
1129 817 1160 874 ct
1176 829 1262 895 paene

229 926 381 1011 frigidus,
413 925 470 990 sed
496 935 526 990 et
547 923 682 990 callidus
713 934 744 990 ct
771 928 804 990 in
826 925 978 1012 capiendo
1001 925 1184 992 adversario
1204 946 1263 990 uer-

229 1055 334 1122 sutus,
363 1053 393 1108 et
413 1051 581 1130 praeterea
607 1063 666 1108 neo
687 1043 830 1108 indoctus
853 1053 884 1108 et
903 1064 1022 1128 inagna
1045 1065 1115 1110 cum
1134 1045 1209 1108 iuris
1227 1045 1264 1108 oi-

228 1163 302 1230 uilis
332 1159 557 1246 intellegentia
602 1161 674 1226 179.
705 1158 802 1226 Cuius
834 1161 958 1228 auditor
983 1161 1017 1226 P.
1046 1159 1162 1226 Orbius
1189 1179 1264 1226 meus

228 1281 296 1347 iere
324 1279 468 1366 aequalis
496 1277 684 1344 indicendo
711 1299 775 1344 uon
801 1282 894 1344 nimis
917 1283 1120 1357 exercitatus,
1151 1282 1184 1344 in
1208 1281 1263 1343 iure

230 1411 332 1466 autem
360 1397 447 1464 ciuili
474 1417 538 1462 uon
564 1396 696 1462 inferior
716 1417 817 1482 ,quam
845 1399 997 1482 magister
1023 1397 1089 1462 fuit.
1132 1395 1211 1461 Nam
1232 1395 1264 1473 Tr

231 1517 391 1593 Auidius,
415 1515 564 1600 quivixit
589 1514 630 1578 ad
651 1533 802 1579 summam
824 1525 1029 1594 senectutem,
1055 1513 1183 1581 uolebat
1202 1533 1263 1578 esse

231 1634 345 1701 similis
372 1631 481 1698 borum
503 1641 630 1718 eratque
656 1642 687 1697 et
705 1631 807 1698 bonus
828 1635 878 1700 uir
900 1643 930 1698 et
953 1635 1122 1709 innocens,
1151 1631 1206 1697 sed
1225 1631 1263 1695 di-

231 1753 322 1822 cebat
349 1769 467 1838 parum.
510 1746 577 1814 Nec
607 1769 685 1814 sane
714 1750 784 1836 plus
814 1750 913 1816 frater
942 1751 1010 1816 eius
1041 1747 1087 1814 M.
1115 1747 1262 1834 Virgilius,

231 1875 284 1958 qui
303 1870 445 1935 tribunus
465 1865 568 1954 plebis
588 1864 626 1932 L.
645 1865 756 1934 Sullae
775 1870 956 1954 imperatori
977 1868 1059 1932 diem
1080 1867 1161 1932 dixit
1193 1865 1264 1930 Eius

231 1985 358 2072 collega
389 1985 423 2049 P.
448 1983 582 2068 'Magius
614 1987 648 2051 iu
681 1985 812 2052 diceudo
845 1985 938 2072 paulo
971 1995 1077 2050 tamen
1109 1986 1262 2070 eopiosior.
1311 2021 1312 2026 κ

229 2107 301 2173 180.
324 2103 389 2170 Sed
411 2105 548 2169 omnium
569 2113 726 2168 oratorum
748 2105 815 2198 sive
836 2103 1033 2180 rabularunr,
1057 2105 1111 2190 qui
1132 2112 1162 2168 ct
1181 2101 1262 2190 plane
1311 2053 1312 2130 d

228 2226 346 2291 indocti
368 2231 399 2286 et
419 2219 565 2286 inurbani
587 2230 639 2286 aut
654 2224 764 2287 rustici
784 2224 878 2286 etiam
895 2221 1033 2298 fuerunt,
1054 2205 1134 2306 quos
1153 2220 1263 2306 quiden

231 2363 292 2428 ego
309 2341 523 2424 cognoverim,
547 2337 779 2405 solutissumum
800 2338 985 2406 indicendo
1007 2349 1037 2404 et
1054 2341 1262 2404 acutissuruun
1311 2417 1312 2420 Ἴ

229 2460 334 2526 iudico
361 2459 460 2522 nostri
485 2456 604 2522 ordinis
633 2455 670 2535 Q.
694 2455 881 2534 Sertorium,
911 2458 1065 2542 equestris
1096 2454 1262 2539 0010ςο-

232 2581 327 2644 uiunr.
374 2572 444 2640 Fuit
472 2576 567 2641 etiam
596 2573 702 2640 facilis
732 2585 763 2641 et
792 2574 952 2662 expeditus
982 2573 1023 2640 ad
1053 2573 1214 2642 dicendum
1239 2579 1262 2638 et

295 2793 340 2837 18⁰.
366 2796 387 2836 et
400 2791 520 2847 inurbane]
537 2793 576 2834 aut
589 2793 695 2835 inurbani.

732 2885 742 2924 Ι

229 2962 355 3029 sentior]
373 2961 494 3015 slasane
512 2959 561 3032 bg.
577 2961 602 3016 8.
622 2960 663 3015 51.
679 2959 721 3016 53.
738 2961 779 3016 58.
792 2960 835 3018 08.
861 2960 930 3014 Ven.
946 2960 970 3015 l.
990 2959 1033 3014 ed.
1051 2976 1093 3030 pr.
1115 2959 1165 3014 sed
1181 2957 1260 3013 dubito
1311 3017 1312 3036 χ

229 3066 264 3102 an
278 3049 377 3101 rectius
394 3047 528 3100 scribatur
545 3063 596 3115 per
611 3061 641 3108 c,
661 3051 809 3102 adcoeooo
826 3046 949 3112 ductum,
967 3054 995 3098 ut
1008 3043 1137 3100 Porcius
1154 3058 1261 3114 aporoo,

234 3132 329 3186 Ovios
353 3132 387 3186 ab
405 3148 468 3185 ove.
485 3159 522 3172 —
546 3130 757 3201 intellcyentia]
782 3133 822 3184 sic
844 3129 895 3201 Lg.
914 3129 939 3185 8.
955 3130 1002 3184 51.
1039 3134 1165 3185 seientia
1181 3126 1261 3182 inserit
1311 3179 1312 3205 ᾖ

228 3217 349 3272 20c0r12
713 3241 716 3246 ¹

297 3301 356 3354 179.
401 3298 555 3369 Virpilioo]
578 3299 823 3371 VerpiliosGu.l.
842 3315 943 3353 acorr.
958 3299 1142 3368 etcd.pr.·-
1159 3295 1259 3360 Selloe]
1311 3345 1312 3375 ἒ

227 3385 321 3458 syllae
338 3402 359 3439 s.
376 3383 460 3436 sillae
480 3401 501 3436 s.
517 3383 588 3452 splle
605 3402 626 3438 s.
642 3385 708 3440 cille
725 3385 804 3438 codd.
823 3386 877 3438 ruei
894 3401 1003 3450 omnes,
1023 3393 1137 3453 praeter
1154 3382 1218 3436 Ven.
1230 3379 1259 3443 1.,

226 3473 255 3526 iu
274 3489 327 3542 quo
347 3475 389 3522 est
406 3468 509 3522 sullae.

298 3556 354 3611 180.
392 3559 548 3606 oratorum
567 3553 640 3620 sive]
668 3556 728 3606 sive
747 3569 799 3608 om.
818 3553 861 3607 ed.
880 3570 923 3624 pr.
941 3581 976 3596 —
1002 3559 1031 3608 et
1047 3552 1142 3626 place
1163 3549 1260 3605 indocti

228 3641 267 3706 et]
292 3641 330 3691 sic
349 3639 414 3692 Par.
432 3639 468 3690 D.
495 3639 545 3690 Gu.
567 3641 589 3691 l.
607 3637 646 3702 0.,
670 3639 734 3691 item
752 3655 872 3692 meorum
894 3639 961 3692 Ven.
979 3641 1001 3692 l.
1025 3635 1121 3692 Ottob.
1143 3635 1260 3706 probante

227 3723 337 3776 Ilandio
351 3723 429 3774 Turs.
444 3721 500 3772 vol.
513 3720 544 3773 ll.
562 3739 588 3790 p.
602 3723 659 3777 537.
697 3730 725 3776 et
737 3723 782 3796 pl.
799 3724 858 3778 ind.
878 3730 936 3776 aot.
951 3721 1095 3776 inurbani
1112 3721 1176 3775 Par.
1191 3723 1221 3772 A.
1231 3715 1258 3770 B.

229 3807 272 3860 ed.
299 3823 340 3876 pr.
368 3813 396 3858 et
420 3805 511 3874 vulgo.
547 3813 598 3860 auct
619 3807 663 3878 pt.
691 3811 711 3860 i.
740 3815 770 3860 et
796 3807 890 3861 inorb.
917 3807 1119 3878 Heusingerus,
1148 3804 1259 3865 Unellos,

229 3891 397 3946 Schuetnius.
412 3920 447 3960 Τ
468 3889 661 3962 Garponiom]
681 3893 720 3945 sic
737 3893 779 3946 ed.
795 3905 836 3962 pr.
855 3892 1031 3962 probantibus
1047 3891 1141 3946 Bentl.
1160 3891 1194 3944 ad
1207 3889 1258 3942 Hor.

228 3977 316 4031 Serm.
337 3975 357 4029 l.
376 3976 407 4042 1,
424 3975 466 4030 27.
493 3983 520 4028 ct
538 3973 660 4040 01·ellio;
686 3977 819 4030 accedunt
843 3995 914 4030 nuuc
937 3976 987 4047 Lg.
1006 3977 1030 4030 8.
1049 3975 1092 4031 35.
1112 3977 1154 4031 30.
1173 3967 1212 4028 51.
1227 3968 1258 4022 53·

226 4061 268 4115 56.
284 4061 324 4114 58.
340 4060 382 4114 68.
398 4060 439 4114 70.
460 4059 523 4114 Vct.
543 4060 612 4113 Ven.
628 4059 690 4114 12.
711 4059 769 4115 Ott.
793 4061 845 4116 Gn.
863 4065 884 4118 l.
925 4060 1113 4132 Gorpont'om
1130 4058 1258 4114 secundun

227 4146 289 4198 edd.
309 4145 440 4214 quasdam
454 4144 589 4213 probabat
601 4144 776 4200 Weiclnertus
787 4145 879 4202 Poste.
893 4147 965 4201 Rell.
980 4164 1007 4216 p.
1017 4146 1077 4200 tta.
1087 4176 1121 4186 -
1140 4137 1259 4203 sertin]

228 4227 341 4284 Sestos
366 4229 409 4282 ed.
427 4243 468 4298 pr.
507 4226 625 4304 Sestion
649 4225 787 4298 Orellius;
814 4231 853 4288 sic
872 4231 982 4290 vena
1000 4261 1035 4274 —
1061 4235 1154 4289 etiam
1172 4221 1260 4298 acori]
