2676 4774
202 423 350 500 ausvis
371 423 671 508 uuouuuuumu
694 425 796 496 ROM.
818 425 928 498 uisu.
1029 433 1091 504 Ἰ

57 607 156 664 stanter
182 597 354 662 aduersatus
377 615 513 679 magnam
541 599 600 662 sibi
622 599 807 664 conlusisset
832 601 1019 682 popularium
1042 604 1089 666 in-

55 703 152 764 uidiam
178 709 312 781 essetque
339 701 419 764 lama
445 701 617 764 dictatorem
639 701 857 782 componendae
883 704 1090 784 reipublicae

57 802 151 866 dicdum
166 803 221 877 iri,
238 817 322 864 mane
337 803 368 864 in
378 802 487 866 lectulo
500 811 630 866 mortuus
643 811 687 866 est
702 803 851 878 iuuentus,
866 811 898 866 nt
910 813 1090 885 apparerent

56 903 186 983 quaedam
203 903 332 972 lancium
349 903 488 968 elisarum
506 912 593 966 notae
605 898 670 983 (⁶⁰).
703 903 764 966 Nec
775 905 878 968 habita
896 904 932 966 de
945 907 1020 966 tanti
1031 907 1089 970 siri

56 1013 136 1068 morte
163 1005 299 1086 quaestio
327 1012 371 1066 est
386 1001 456 1083 (⁶¹),
490 1007 599 1086 quippe
629 1012 772 1066 metuente
799 1013 903 1068 senatu
933 1006 1089 1088 popularis

55 1106 178 1168 factionis
199 1107 360 1187 potentiam
382 1115 411 1170 et
433 1107 542 1181 minas3
566 1104 618 1168 sed
640 1107 746 1168 mansit
766 1106 847 1168 launa
869 1107 949 1168 necis
972 1107 1089 1187 culpam

55 1207 86 1268 ad
105 1206 307 1288 Semproniam
327 1225 450 1270 uxorem
470 1207 519 1272 vel
546 1207 584 1269 ad
607 1207 643 1285 Q.
665 1207 800 1270 Fulvium
820 1207 959 1270 Flaccum
979 1207 1028 1272 rel
1049 1207 1089 1270 ad

56 1307 83 1370 G.
102 1309 252 1390 Papirium
274 1307 438 1374 Carbonem
459 1309 589 1372 homines
612 1307 768 1374 seditiosos
789 1308 933 1370 referens.

126 1409 217 1473 Nemo
247 1429 375 1490 unquam
401 1410 565 1474 illustriore
597 1409 693 1472 laudis
723 1411 883 1491 praeconio
911 1410 1007 1474 elatus
1034 1417 1089 1486 cst,

56 1529 129 1590 qnam
145 1512 248 1593 Scipio
268 1510 303 1587 Q.
314 1511 432 1576 Metelli
447 1511 635 1576 Macedonici
657 1529 723 1577 ore:
746 1512 798 1592 qun
819 1529 883 1574 cum
897 1512 963 1576 uiuo
986 1513 1089 1576 simul·

53 1619 129 1674 tatem
155 1613 288 1676 exercuit
317 1613 476 1688 acerrime,
503 1612 555 1676 sed
581 1613 659 1676 filios
685 1621 782 1676 tamen
811 1613 850 1676 ad
867 1613 1008 1678 ridendas
1036 1629 1089 1676 ex-

53 1713 157 1792 sequias
183 1713 357 1778 adhortatus
379 1723 440 1790 est,
468 1714 547 1794 quod
568 1714 657 1778 talem
679 1715 771 1778 ciuem
793 1733 940 1796 nunquam
965 1716 1089 1794 posthac

52 1815 132 1879 abusi
147 1824 247 1880 essent
263 1811 326 1893 (⁶²).
370 1815 414 1880 De
435 1815 555 1894 ingenio
578 1823 611 1878 et
626 1815 722 1877 literis
744 1816 894 1896 Scipionis
915 1833 974 1878 uon
995 1815 1088 1881 minus

53 1923 174 1982 constans
195 1917 279 1981 fama
300 1917 369 1991 fuit,
398 1935 484 1997 quam
507 1917 543 1978 da
567 1917 655 1978 rebus
683 1918 745 1978 eius
768 1918 870 1995 gestis.
915 1917 1088 1982 Consentia·

52 2014 110 2078 bant
131 2019 206 2082 enim
228 2036 303 2099 pace
324 2018 464 2100 belloque
486 2018 641 2080 maximum
668 2017 873 2098 reipublicae
894 2017 1088 2097 prudentissi·

52 2133 116 2179 urm
131 2120 299 2200 praesidem
320 2120 474 2182 literarum
491 2119 666 2198 optimorum
687 2125 848 2182 amatorem
863 2123 1012 2178 oratorem
1033 2117 1088 2178 mi·

50 2217 115 2282 nine
144 2220 342 2302 spernendum
373 2220 475 2286 fuisse.
516 2219 679 2284 audiuerat
711 2218 787 2280 euim
818 2217 991 2280 adolescens
1023 2235 1090 2282 cam

50 2318 141 2384 Laelio
167 2323 364 2404 philosophos
385 2321 604 2386 Atheniensium
625 2319 758 2398 legatum
786 2319 941 2399 Polybium
966 2319 1088 2382 histori-

51 2435 104 2484 cun
118 2422 206 2487 domo
226 2431 377 2505 exceptum
394 2424 519 2487 amicum
533 2423 649 2496 babuit,
666 2421 838 2486 Panaetium
852 2421 982 2484 Stoicum
1000 2422 1088 2484 ctiam
1195 2480 1208 2492 ,

51 2521 81 2582 ad
99 2525 209 2588 bellum
231 2524 391 2604 gerendum
414 2525 489 2588 urbe
516 2523 667 2605 proiectus
695 2539 793 2586 secum
815 2522 897 2586 duait
914 2515 987 2600 (⁶³);
1017 2523 1089 2604 quin

50 2623 252 2704 elegantissimi
268 2627 381 2706 ingenii
402 2633 433 2710 et¹
451 2643 579 2688 summac
595 2625 771 2688 urbanitatis
793 2624 915 2686 fabulae
931 2624 1088 2687 Terentia-

50 2743 96 2786 nae
116 2728 153 2790 ad
167 2729 252 2790 illum
275 2737 303 2789 et
319 2728 454 2790 Laelium
475 2735 611 2790 sanctores
632 2726 681 2790 uel
703 2733 782 2788 certe
801 2725 951 2790 adiutores
972 2725 1088 2788 relatae

49 2837 104 2890 sunt
121 2827 147 2910 ('
162 2832 188 2908 ).
232 2829 351 2892 Acriori
376 2829 535 2892 Africanus
563 2845 651 2908 quiam
677 2827 800 2888 Laelius
830 2827 939 2888 amicus
966 2825 1087 2904 ingenio

50 2967 250 2982 Ἤ

104 3062 152 3130 60)
169 3059 243 3113 Veli.
262 3057 294 3110 ll.
314 3059 337 3108 4.
424 3055 470 3121 ot)
487 3054 560 3108 Vell.
578 3054 635 3106 l.c.
664 3053 698 3108 ci.
717 3054 773 3109 Cic.
792 3053 893 3120 Mtt.7‚
911 3055 954 3109 Ἡ.
982 3055 1017 3108 de
1036 3052 1087 3110 Or.

50 3143 128 3213 illd,
146 3145 207 3200 170.
236 3141 346 3196 Divecs.
361 3139 409 3196 IX.
427 3141 470 3194 at.
497 3139 533 3197 Q.
548 3139 594 3194 Fr.
614 3137 647 3192 ΙΙ.
666 3139 691 3192 3.
718 3139 811 3194 Sclnol.
825 3139 887 3196 Vct.
902 3141 937 3193 ad
952 3139 1014 3194 Mil.
1032 3142 1049 3194 l.
1065 3159 1088 3196 c.

49 3229 84 3296 bt)
100 3231 174 3286 Veli.
190 3231 207 3283 l.
220 3247 245 3282 c:
266 3227 299 3282 ci.
311 3226 366 3282 Cic.
379 3223 461 3282 Oiiic.
474 3225 599 3294 1.25‚87.
687 3224 732 3292 dt)
752 3226 808 3284 (lic.
823 3225 857 3279 de
868 3223 918 3282 Or.
930 3224 961 3279 li.
972 3225 1015 3292 37,
1030 3226 1089 3280 154.

48 3313 179 3372 Plutarch.
197 3312 330 3385 apoplntln.
345 3329 402 3384 reg.
417 3319 444 3366 et
457 3311 518 3381 inup.
534 3331 559 3382 p.
577 3309 634 3366 153.
648 3309 759 3366 liutten.
796 3311 866 3364 ilinc
883 3310 1002 3366 ubuum
1020 3329 1086 3364 aaa·

48 3405 132 3468 pietro
142 3418 215 3454 mous
225 3400 320 3453 dicitur
330 3397 423 3469 Scipio
436 3397 576 3468 Sulpiciae
590 3397 714 3468 po'e‘triae
728 3415 752 3450 v.
766 3396 808 3451 48.
825 3397 859 3451 ci.
871 3396 965 3450 Burm.
978 3399 1013 3451 ad
1027 3397 1053 3452 h.
1069 3397 1086 3450 Ι.

50 3485 232 3556 etSymmacin.
246 3503 308 3556 epp.
324 3471 343 3539 i.
354 3483 396 3540 22.
474 3483 518 3547 bt)
531 3483 641 3536 Farinam
653 3500 671 3534 a
683 3481 815 3534 Memmio
828 3481 967 3536 Ciceronis
977 3483 1087 3552 aequali

50 3578 71 3622 et
84 3570 180 3644 Valgio
197 3571 350 3643 proiectam
363 3569 510 3624 Suetonius
529 3567 575 3623 uit.
591 3566 703 3620 Terent.
723 3583 745 3618 c.
759 3565 783 3620 2.
800 3567 928 3618 oSarntro
943 3565 1088 3620 reluctatum

50 3665 146 3712 narrat:
174 3659 253 3712 nimis
271 3659 342 3712 enlm
360 3657 562 3711 adolescentem
582 3651 666 3705 inisse
685 3649 857 3721 Scipionem,
877 3651 938 3721 qui,
958 3668 1017 3704 cum
1036 3649 1088 3704 Te·

51 3743 142 3796 sentius
162 3743 246 3809 obiit,
263 3761 350 3799 anuos
365 3743 458 3813 viginti
473 3749 536 3794 octo
552 3737 684 3798 habuerit.
716 3738 763 3791 Sic
782 3745 809 3790 et
827 3755 877 3792 uos
894 3737 1086 3796 existimamus,

50 3823 113 3882 Nam
131 3829 206 3898 quod
223 3829 257 3882 irr-
269 3828 384 3899 prologo
397 3825 583 3894 Adelphorum
602 3831 719 3892 quatuor
737 3825 815 3876 anuis
834 3833 897 3878 ante
915 3831 1037 3876 aetornum
1054 3839 1088 3874 ea

50 3908 113 3966 sauma
129 3915 164 3968 ab
183 3915 244 3984 ipso
264 3913 394 3978 'Ferentio
416 3916 640 3966 cornnmemoratur
659 3916 761 3962 tantum
778 3909 857 3962 abest
880 3916 909 3960 ut
934 3924 990 3962 cem
1008 3923 1087 3976 argu

50 4006 131 4052 noento
147 3998 264 4066 sternet„
278 4000 352 4068 quod
370 3999 585 4052 Westerunauuo
605 4012 631 4064 p.
648 3993 689 4048 73.
709 3995 812 4057 visum,
835 4001 862 4046 ut
880 3993 964 4060 plane
980 3997 1088 4042 contra-

51 4082 111 4138 riam
127 4102 222 4147 verum
237 4086 289 4140 site
315 4102 370 4141 noa
389 4085 461 4138 euim
479 4081 603 4135 adlatrari
621 4095 683 4136 sese
708 4098 725 4132 a
745 4078 810 4134 viris
828 4076 995 4147 principibus
1012 4075 1088 4131 tarnat

50 4166 94 4223 tibi
111 4171 184 4230 ducit
201 4172 358 4239 'l'eueutius,
383 4170 435 4226 sed
452 4169 550 4224 Sumam
569 4165 627 4222 eius
644 4166 699 4234 rei,
719 4165 819 4235 quippe
839 4162 1028 4220 liuuiliaritatis
1048 4161 1087 4216 ia·

53 4251 149 4312 dicium.
