2676 4774
220 431 367 502 BllEVlS
388 433 687 518 ELOQUENTlAE
709 435 812 504 ROM.
834 435 943 508 Hts'r.
1044 439 1103 510 8!
1167 485 1171 492 ·

79 606 123 668 sed
140 605 255 670 solidam
275 609 415 690 publicae
435 609 540 672 salutis
559 609 758 674 restituendae
776 609 895 676 landem
918 608 1102 686 assuerunt.

78 707 143 770 alter
164 709 251 772 minus
269 709 442 792 prudenter,
465 709 635 774 iracundius
657 709 734 772 alter
756 709 787 772 iu
809 711 972 792 procellam
990 711 1103 774 ruendo

77 809 269 889 reipublicae
299 811 478 894 praecipites
511 810 574 874 deti
603 810 788 875 interierunt.
839 811 912 876 Post
947 827 999 874 eos
1029 829 1104 874 rara

79 909 256 974 Gracchorum
285 913 408 988 mentic;
438 911 573 976 uidentur
607 913 696 986 emm,
727 911 783 974 etsi
814 929 888 974 unus
912 913 976 976 eius
1005 911 1103 992 gentis

77 1009 176 1072 Tiberii
201 1012 336 1094 aequalis
358 1012 464 1076 Tacito
482 1021 661 1076 memoratur
676 1009 744 1094 (³⁵),
771 1033 916 1078 consensu
938 1011 1103 1078 nubilitatis

76 1111 223 1192 apetendis
240 1113 402 1178 honoribus
418 1114 559 1196 prohibiti
576 1114 678 1178 fuisse
714 1115 843 1176 ttbeasu
858 1114 1017 1186 Gracchus,
1036 1131 1103 1176 cum

75 1219 243 1291 quaesturam
258 1213 483 1296 llispauiensem
503 1217 630 1296 gesserit
652 1233 679 1278 a.
698 1219 775 1292 617,
806 1217 887 1280 cirea
909 1231 1016 1278 aunum
1037 1213 1103 1278 586

74 1321 146 1374 uatus
162 1313 247 1378 fuerit
264 1331 385 1380 necesse
401 1322 454 1378 est.
477 1315 516 1392 Is,
533 1334 598 1380 oum
613 1335 651 1382 ex
666 1317 819 1382 lacteam
834 1315 993 1382 Corneliae
1006 1315 1102 1397 parti·

74 1412 117 1474 hus
134 1431 193 1476 cum
208 1415 303 1478 hatra
320 1433 394 1476 unus
409 1415 541 1498 reliquus
555 1417 674 1494 fuisset,
694 1425 884 1500 praemature
899 1417 993 1500 patris
1007 1422 1103 1480 morte

75 1514 197 1578 arhusin
216 1517 331 1596 giemo
348 1517 454 1578 matris
476 1516 615 1582 educetur
633 1527 677 1582 est
698 1526 727 1582 et
746 1519 895 1598 ingenium
913 1517 1101 1599 praeclarum

71 1615 261 1704 magistrorum
278 1618 595 1699 praestantissimorum
612 1637 669 1702 cpe
684 1619 830 1684 excultum
840 1619 955 1682 hahuit:
977 1635 1101 1700 quorum

69 1715 115 1777 fuit
137 1717 306 1800 Diophanes
329 1717 528 1798 Mytilenaeas
559 1721 661 1783 rhetor
690 1739 727 1783 ea
752 1728 849 1783 aetate
877 1719 1048 1796 laudatos(
1075 1719 1100 1798 ).

69 1815 129 1880 Post
150 1837 210 1882 cum
223 1826 350 1902 propter
364 1819 470 1883 foedus
486 1821 689 1884 Numantinum
707 1822 825 1904 publice
843 1821 990 1884 subletum
1005 1821 1100 1884 iratus

70 1917 100 1978 ad
125 1937 184 1982 rem
213 1921 364 2003 publicam
396 1922 557 2000 gerendam
588 1923 780 1999 accessisset,
811 1923 945 1997 tribunus
978 1941 1007 1984 a.
1036 1922 1098 1984 sel

69 2026 150 2082 tamen
168 2022 265 2104 plebis
286 2021 507 2086 infelicissimae
524 2025 659 2086 misertus
674 2025 706 2088 id
722 2027 796 2104 egit,
818 2033 850 2086 ut
865 2024 996 2087 homines
1012 2021 1102 2085 otiosi

69 2127 91 2180 el
109 2139 168 2186 cum
187 2125 217 2188 iu
240 2141 353 2186 summa
369 2123 472 2204 iuopia
487 2125 632 2200 virentes,
652 2133 713 2188 tum
731 2144 768 2190 ex
782 2122 992 2204 largitionibus
1010 2122 1101 2186 utum

61 2231 249 2290 sustentantes
276 2224 359 2303 agris
388 2225 518 2306 acceptis
544 2225 615 2288 boui
644 2227 722 2291 eires
743 2225 855 2290 herent.
900 2223 956 2288 Gui
975 2222 1101 2288 oonsilio

69 2339 123 2386 eum
142 2327 273 2389 obstaret
294 2325 413 2406 collega
433 2327 477 2390 M.
500 2328 654 2404 Octauius,
682 2328 779 2409 legem
799 2327 944 2394 Lioiuiam
965 2324 1002 2388 de
1024 2342 1101 2404 agro

68 2426 173 2503 publius
202 2427 382 2510 possidendo
416 2428 602 2494 instaurarit
653 2430 747 2508 Quam
782 2449 846 2494 cum
878 2428 1015 2512 perferre
1042 2445 1101 2490 uun
1158 2515 1161 2520 Ι

68 2535 171 2605 posset,
200 2529 338 2607 collegae
358 2529 562 2606 magistratum
584 2531 758 2610 abrogavit,
788 2549 852 2594 cum
875 2537 976 2612 spreta
997 2546 1101 2592 sacru·

68 2636 158 2690 sancta
183 2631 349 2694 tribunatus
374 2629 521 2709 religione
546 2631 612 2711 ipse
633 2631 763 2694 codicem
782 2632 948 2712 rogationis
968 2630 1102 2710 legisset,

66 2745 95 2788 ue
119 2729 201 2794 fieret
226 2731 409 2792 intercessio.
451 2730 572 2794 Addidit
597 2732 680 2812 leges
703 2733 849 2797 ciuitatem
875 2739 1039 2796 evertentes
1065 2730 1103 2794 de

21 2903 22 2906 Ἴ
67 2829 180 2894 coloniis
218 2831 409 2906 deducendis,
442 2833 547 2912 opibus
581 2833 674 2896 Abali
704 2834 787 2912 regis
818 2834 899 2915 plebi
929 2833 1102 2910 diuidendis,

65 2933 203 3012 sumtibus
225 2934 256 2994 in
274 2939 406 2995 senatum
427 2932 621 3012 recipiendis,
643 2940 672 2994 et
693 2934 782 2994 suciis
804 2935 950 3002 ciuitatem
970 2942 1014 2996 est
1034 2934 1102 3016 pol-

64 3030 161 3102 licitus
208 3033 260 3096 Sic
283 3033 466 3094 inimicorum
492 3039 521 3092 et
542 3031 780 3094 aduersariorum
806 3034 970 3115 pertinacia
991 3034 1030 3098 ad
1050 3035 1102 3098 de·

65 3135 255 3213 sperationem
266 3139 364 3204 ectus,
383 3148 445 3192 curn
455 3131 638 3212 perferendis
649 3133 766 3212 legibus
782 3135 842 3196 suis
853 3135 986 3198 tribunus
997 3137 1102 3200 iterum

66 3237 152 3297 meari
170 3233 277 3307 vellet,
305 3231 448 3294 seditione
471 3233 510 3295 ub
531 3233 718 3315 optimatibus
737 3237 865 3298 excitata
886 3236 962 3300 duce
979 3239 1013 3302 P.
1036 3237 1102 3302 Sci-

65 3336 143 3414 pione
161 3335 330 3417 Serapione
353 3335 466 3398 occisus
488 3342 540 3400 est.
569 3335 615 3398 De
637 3337 771 3400 oratoria
788 3339 875 3402 huius
889 3339 947 3403 uiri
960 3338 1104 3402 facultate

65 3438 120 3499 reri
139 3435 276 3498 similiter
291 3434 402 3498 iudicat
417 3436 591 3500 Plutarchus
613 3456 732 3501 suarem
751 3438 844 3502 fuisse
859 3447 888 3502 et
905 3441 1103 3504 miserafionis
1133 3455 1135 3459 ·

65 3537 174 3616 plenam
201 3539 264 3602 eius
293 3537 455 3602 credonem
475 3539 574 3602 uerbis
594 3540 677 3619 puris
699 3547 728 3601 et
748 3547 887 3604 accurate
910 3541 1036 3603 elimatis
1057 3542 1102 3604 iu-

66 3639 170 3718 signem
189 3635 259 3722 (³⁷);
288 3657 365 3720 quae
391 3639 460 3726 laus
481 3659 500 3701 a
522 3640 673 3702 Gioercnis
693 3641 837 3702 sententia
853 3635 905 3720 (³³)
927 3660 986 3705 uon
1004 3642 1104 3706 aliena

66 3740 181 3806 ridetur.
217 3741 292 3805 Nam
310 3740 337 3801 si
355 3739 444 3802 duros
462 3741 659 3804 Gracchorum
679 3740 840 3804 imitatores
861 3742 928 3808 fure
944 3744 1103 3823 Quintilia-

67 3857 113 3902 nus
138 3843 281 3908 iudicarit
300 3836 369 3920 (³⁹),
401 3849 481 3904 recte
508 3841 594 3918 dixit,
631 3842 657 3906 si
680 3841 762 3908 solos
787 3843 944 3910 imitentur.
992 3843 1104 3908 Famae

66 3987 269 4004 -ι-ι--ι-

127 4090 173 4157 35)
194 4091 266 4146 Anu.
286 4088 306 4146 1.
325 4087 366 4144 53.
394 4087 442 4143 lV.
463 4087 503 4144 16.
589 4089 636 4158 36)
660 4091 717 4146 Cic.
735 4087 816 4145 Brut.
833 4088 877 4154 at,
893 4087 950 4146 loo.
978 4088 1027 4156 58,
1042 4087 1102 4146 211.

67 4169 173 4232 Quintil.
199 4174 221 4230 l.
247 4173 279 4242 l,
301 4174 327 4230 6.
361 4172 436 4230 Plut.
460 4173 520 4231 Tib.
547 4171 673 4230 Graccho
699 4193 722 4230 c.
746 4173 772 4228 8.
858 4175 904 4243 37)
933 4172 1007 4232 Plus
1032 4173 1051 4228 l.
1078 4190 1103 4228 c.

67 4252 108 4326 38)
126 4259 182 4318 cic.
196 4258 275 4320 Brut.
291 4259 336 4327 nt,
356 4259 413 4316 tot.
497 4257 543 4328 39)
563 4257 655 4320 Quinc.
671 4257 705 4318 lt.
722 4258 756 4326 5,
772 4259 816 4316 nl.
