2646 4772
368 423 561 494 BRUTUS
585 427 675 496 CAP.
697 429 748 498 83.
987 433 1086 506 205

52 593 172 678 scripsit.
203 591 247 658 At
266 591 405 660 Charisii
422 594 488 662 vult
507 593 666 682 Hegesias
687 617 759 664 esse
784 598 912 676 similis,
935 601 1025 687 isque
1048 621 1083 668 su

52 712 89 776 ita
113 719 196 798 putat
218 709 371 791 Atticum,
398 723 431 782 ut
453 733 546 782 veros
573 715 647 782 illos
669 735 745 804 prae
766 735 801 784 se
823 735 923 804 pacoro
946 720 1084 801 agrestis

49 837 129 915 putet.
169 829 242 896 287.
270 841 302 897 at
323 832 398 918 quid
419 842 468 900 est
487 843 552 900 tam
569 833 719 914 tractum,
748 843 810 902 tam
834 835 998 912 minutum,
1019 845 1083 904 tam

51 949 77 1012 in
100 950 183 1034 ipsa,
210 967 303 1035 quam
331 959 436 1021 tomen
464 955 679 1040 consequitur,
709 953 917 1020 concinnitate
941 954 1083 1042 puorilot

48 1065 207 1134 Atticorum
234 1068 354 1136 similes
374 1089 447 1137 esse
468 1069 621 1140 uolumus.
665 1067 804 1158 Optume.
844 1069 962 1138 Suntne
989 1073 1085 1156 igitur

48 1183 76 1250 hi
93 1185 185 1252 Attici
210 1193 374 1256 oratorest
418 1186 496 1268 Quis
517 1207 637 1273 negare
659 1193 781 1276 potestt
824 1187 890 1256 llos
917 1192 1081 1256 imitamur.

48 1302 107 1382 Ono
133 1305 241 1384 modo,
271 1308 324 1393 qui
354 1315 425 1373 sunt
447 1317 478 1374 ct
504 1309 586 1374 inter
614 1327 649 1375 se
670 1305 843 1375 dissimiles
873 1317 904 1375 et
926 1307 1083 1376 atiommt

48 1421 271 1508 Thucydidem,
302 1426 420 1512 inquit,
452 1426 616 1494 imitamur.
670 1422 822 1514 Optume,
858 1427 885 1493 si
919 1426 1082 1494 historiam

46 1541 187 1622 scrihere,
205 1563 269 1610 non
285 1546 314 1610 si
331 1563 447 1612 causas
465 1544 571 1614 dicere
590 1545 746 1630 cogitatis.
776 1543 979 1632 Thucydides
997 1546 1082 1613 enim

45 1681 136 1728 rerum
163 1671 324 1749 gestarum
349 1665 566 1752 pronuntiator
595 1666 738 1730 sincerus
767 1673 799 1730 ct
827 1663 959 1749 grandis
986 1666 1081 1732 etiam

45 1779 105 1846 luit:
138 1780 200 1848 hoc
230 1781 357 1848 forense
384 1783 644 1850 concertatorium
671 1781 820 1848 iudiciale
847 1801 911 1848 non
936 1784 1082 1848 tractavit

46 1918 146 1982 genus.
190 1896 359 1968 Orationes
392 1909 495 1967 autem
523 1919 602 1987 quas
632 1901 816 1988 interposuit
842 1899 971 1982 (multae
1000 1901 1083 1965 enim

44 2020 132 2100 sunt),
160 2037 219 2086 eas
246 2037 306 2103 ego
333 2018 466 2086 laudare
493 2018 599 2087 soleo:
627 2022 742 2087 imitari
764 2037 864 2103 neque
886 2020 1024 2104 possim,
1054 2019 1083 2082 si

43 2137 142 2217 uelim,
164 2156 225 2204 nec
246 2136 341 2203 velim
361 2137 515 2217 fortasse,
535 2139 564 2205 si
585 2141 714 2228 possim.
746 2135 784 2203 Ut
806 2137 835 2202 si
857 2137 926 2222 quis
948 2133 1085 2200 Falerno

12 2297 13 2300 =
43 2257 107 2322 vino
130 2255 317 2336 delectetur,
344 2257 401 2322 sed
428 2276 467 2324 eo
490 2277 551 2325 nco
581 2259 627 2324 ita
648 2277 746 2334 nouo,
776 2265 809 2321 ut
827 2255 985 2342 proxumis
1007 2271 1084 2318 con·-

42 2374 154 2442 sulihus
184 2383 290 2442 natum
319 2373 411 2454 uelit,
439 2395 501 2443 nec
524 2396 633 2443 rursus
662 2379 707 2443 ita
725 2385 846 2451 uetere,
874 2381 907 2438 ut
929 2367 1084 2458 Opimium

44 2502 90 2558 aut
115 2493 264 2560 Anicium
296 2493 456 2560 consulem
489 2505 636 2581 quaerat:
676 2495 761 2582 atqui
793 2491 854 2558 hae
886 2500 979 2558 notae
1013 2497 1085 2555 sunt

41 2621 198 2698 optumae3
238 2610 353 2678 credo:
387 2611 445 2678 sed
476 2613 574 2679 nimia
604 2623 744 2680 vetustas
775 2631 835 2678 nec
871 2607 966 2674 habet
1003 2627 1083 2686 eam,

40 2750 126 2818 quam
143 2730 341 2816 quaerimus,
363 2731 548 2796 suavitatem
563 2751 622 2802 neo
639 2742 688 2798 est
708 2733 772 2796 iam
789 2749 867 2796 sane
888 2725 1082 2793 tolerabilis:

94 2949 144 2992 188.
172 2942 330 2996 Demostheni]
344 2941 513 2986 Demosthenis.

96 3019 146 3060 287.
173 3015 245 3068 ipitur
259 3011 295 3064 tt]
310 3012 378 3062 igitur
390 3011 415 3052 11.
428 3031 454 3040 -
475 3010 517 3054 hoc
529 3011 608 3068 notos]
623 3023 663 3052 eae
678 3023 700 3052 n.

37 3150 192 3218 mostheni]
212 3145 424 3202 Demosthenis
442 3145 484 3200 ed.
502 3163 543 3218 pr.
562 3145 612 3218 Lg.
630 3145 672 3202 20.
692 3145 735 3201 56.
753 3145 813 3212 68,
830 3142 988 3199 Lambinus.
1024 3145 1082 3198 De·
1172 3195 1180 3212 ‚

37 3236 183 3294 mosthercl
195 3233 282 3290 solum
291 3231 507 3289 Ciceronianam.
516 3263 551 3272 —
568 3230 726 3304 Hepeslas]
743 3229 879 3304 depastos
893 3227 944 3303 Lg.
953 3229 978 3286 8.
989 3229 1029 3286 51.
1041 3229 1084 3286 58.

37 3313 103 3378 Ven.
119 3325 143 3378 1.
162 3318 219 3376 011.
253 3325 383 3392 epestao,
401 3321 532 3390 effendas,
550 3336 654 3392 epesas
670 3319 717 3372 alil
733 3319 856 3388 plurimi,
874 3316 926 3371 Gu.
939 3317 962 3372 l.
980 3313 1084 3388 12ng.

38 3408 75 3463 35.
93 3407 136 3464 39.
154 3405 196 3460 56.
213 3404 255 3458 70.
285 3399 332 3458 res
349 3411 452 3476 peston
469 3403 510 3460 53.
530 3405 572 3460 68.
608 3401 712 3459 Ibidem
733 3394 854 3458 Charisi
869 3401 940 3458 Ven.
956 3401 979 3456 3.
1012 3399 1085 3455 Clua-

38 3497 88 3548 ritd
103 3491 175 3546 Ven.
190 3491 263 3545 1.-
288 3489 427 3562 horestis]
445 3491 485 3544 sic
503 3491 547 3546 ed.
562 3507 602 3562 pr.
620 3487 672 3562 Lg.
686 3507 781 3543 ornnes
795 3485 977 3560 1111111113οη
997 3485 1049 3541 Gu.
1061 3485 1086 3543 l.

37 3577 104 3632 ven.
118 3579 142 3632 l.
162 3573 231 3631 ott:
794 3600 801 3614 ·

102 3661 165 3716 287.
202 3662 329 3733 optume]
353 3661 392 3715 sic
412 3659 464 3733 Lg.
482 3661 501 3715 8
518 3640 611 3730 (mollo
631 3657 705 3730 quod
724 3661 773 3728 ae)
792 3657 834 3712 35.
854 3655 895 3712 51.
914 3655 957 3711 53.
977 3653 1019 3712 68.
1041 3656 1084 3713 76.

39 3743 93 3802 Ott.
109 3777 145 3786 -
170 3749 265 3818 ipitrtr
282 3745 326 3814 he]
345 3747 428 3818 vulgo
438 3750 487 3808 ’111
505 3743 573 3799 illud
592 3743 636 3798 ed.
650 3759 690 3812 pr.
708 3741 759 3814 Lg.
773 3741 798 3798 8.
813 3741 856 3798 53.
871 3739 912 3799 56.
927 3741 969 3799 58,
983 3737 1026 3798 68.
1041 3742 1083 3798 70.

39 3831 106 3888 Ven.
126 3833 150 3886 1.
166 3859 202 3870 -
226 3849 282 3900 quo
305 3831 408 3900 modo]
431 3830 563 3902 quodam
585 3829 675 3883 modo
699 3829 742 3884 ed.
761 3845 803 3900 pr.
839 3845 971 3898 quonam
993 3827 1084 3881 modo

40 3919 194 3972 coniectura
218 3913 369 3972 0111111-
394 3917 549 3988 quisnam]
574 3933 643 3970 cum
665 3921 734 3968 sunt
755 3913 805 3984 Lg.
822 3913 866 3966 20.
885 3934 920 3954 »-
950 3912 1083 3984 optume]

41 4003 83 4069 qui
100 4001 173 4056 idem
191 4015 289 4071 supra,
307 4002 388 4057 11158,
408 4011 437 4057 et
453 4001 492 4056 sic
509 4018 574 4056 mox
591 4008 788 4074 0115111111.-
808 3996 866 4050 doc
877 3996 1009 4068 forense]
1027 3994 1085 4050 ltoc

41 4102 89 4142 om.
106 4087 159 4160 Lg.
179 4087 273 4142 711-
291 4089 463 4161 promentis]
487 4087 528 4140 sic
549 4085 600 4158 ng.
618 4086 644 4142 8.
662 4087 704 4140 51.
722 4081 764 4137 53.
782 4081 825 4134 58
842 4081 886 4136 68.
904 4080 946 4134 70.
973 4077 1031 4134 Ott.
1048 4107 1085 4120 -

45 4170 209 4244 Opimium]
228 4177 362 4247 opimum
379 4173 428 4245 Lg.
441 4173 485 4227 20.
502 4171 545 4226 53.
559 4171 601 4228 58.
619 4199 655 4217 κ
682 4169 741 4224 hae
757 4167 859 4236 notae}
878 4183 931 4238 pro
949 4181 1003 4220 eae
1020 4163 1085 4220 dedi

42 4272 75 4312 ex
91 4256 141 4330 Lg.
157 4257 183 4312 8.
200 4258 241 4314 39.
259 4259 301 4314 53.
319 4260 360 4315 dli
378 4258 420 4313 68.
436 4259 477 4314 70.
506 4256 579 4312 Ven.
595 4257 618 4312 1.
653 4257 708 4313 hec
723 4253 765 4312 30.
802 4251 876 4309 haec
894 4251 938 4307 51.
971 4248 1083 4306 11111158
