2660 4776
386 426 577 499 BRUTUS
600 427 692 498 CAP.
713 430 745 498 3.
1005 429 1089 506 15!

63 608 112 665 ton
129 595 201 664 mibi
220 597 268 664 ita
289 598 356 666 cari
376 601 481 688 itsqoe
496 598 637 680 incundi,
658 607 691 668 nt
706 619 815 668 eornm
832 607 960 688 aspecto
969 598 1088 681 omnis,

62 736 127 802 qnae
151 737 200 784 rne
223 716 361 803 angebat
386 718 425 786 de
446 739 481 786 re
504 717 645 807 publica,
671 739 749 788 cora
769 717 956 786 consederit.
1000 717 1088 798 Quos

62 845 204 921 postquam
231 835 383 916 salutari,
414 834 499 916 Quid
524 855 597 916 vos,
624 839 765 926 inquam,
791 835 888 904 Brute
910 838 946 902 'et
973 834 1087 915 Attice,

62 958 148 1018 nmct
180 953 256 1040 qnid
289 955 415 1024 tandem
445 957 545 1023 novit
594 952 681 1022 Nibil
714 975 807 1034 sone,
839 955 938 1042 inquit
964 951 1088 1029 Brutus,

62 1071 126 1154 qnod
145 1071 271 1157 quidem
290 1082 343 1138 ont
362 1082 396 1140 tn
417 1073 527 1140 audire
548 1073 630 1142 velis
653 1083 706 1140 ant
727 1093 788 1159 ego
802 1091 859 1160 pro
875 1081 962 1140 certo
981 1069 1087 1162 dicere

61 1187 182 1256 sudeam.
225 1190 279 1256 ll.
308 1189 389 1258 Tum
409 1191 547 1272 Atticus,
568 1189 631 1271 Eo,
652 1192 765 1279 inquit,
793 1190 835 1258 ad
855 1200 886 1256 to
909 1193 1012 1258 animo
1033 1209 1088 1258 vo-

60 1309 154 1386 nimus,
179 1317 212 1374 ut
241 1309 282 1376 do
313 1331 348 1378 re
378 1309 506 1398 publica
524 1319 609 1378 esset
626 1310 783 1378 silentium
805 1318 836 1376 ot
857 1308 977 1396 aliquid
999 1308 1088 1376 andi-

61 1443 143 1492 remm
162 1429 267 1512 potius
295 1448 336 1496 ex
361 1437 409 1509 te,
437 1449 530 1518 qnam
554 1415 809 1498 to'aiiceremus
837 1425 904 1494 ulla
931 1426 1085 1496 molestia

60 1538 110 1608 Vos
128 1563 216 1624 varo,
237 1547 383 1634 inquom,
405 1546 524 1629 Attice,
547 1557 578 1616 et
597 1557 796 1637 praesentem
817 1567 866 1614 me
883 1565 958 1614 eura
972 1545 1087 1614 levatio

61 1668 83 1724 et
104 1660 219 1730 absenti
246 1683 366 1751 magna
394 1666 511 1736 solatia
539 1666 680 1736 dedistis.
722 1687 798 1736 nam
822 1666 937 1734 vestris
955 1666 1087 1754 primum

60 1775 139 1846 literis
168 1793 410 1852 recreatas'me
437 1785 478 1852 ed
510 1788 644 1874 pristino
671 1785 775 1854 studia
803 1785 962 1854 revocavi.
1005 1781 1087 1850 Tum

59 1893 113 1975 illc,
140 1895 235 1984 Legi,
270 1903 384 1990 inquit,
416 1901 616 1992 perlubenter
647 1902 826 1991 epistolam,
860 1921 953 1989 quom
983 1900 1024 1969 ad
1055 1910 1086 1968 te
1186 1981 1193 1996 ι

59 2009 151 2082 bmtuo
175 2021 262 2088 misit
286 2039 325 2086 en
345 2020 442 2100 Asia,
468 2039 531 2107 qna
558 2019 635 2086 mibi
661 2022 750 2086 visos
777 2029 880 2086 estet
908 2034 1035 2086 monem
1055 2027 1087 2084 te

59 2132 202 2214 prudenter
228 2147 261 2206 et
290 2138 450 2206 consolari
480 2139 689 2206 amicissome.
733 2135 784 2202 12.
812 2134 923 2214 Recte,
951 2137 1087 2222 inquam,

60 2258 96 2314 ost
111 2254 204 2320 visos.
248 2253 329 2324 Nam
351 2277 401 2324 me
423 2258 493 2324 istis
516 2257 596 2324 scito
617 2255 718 2322 literis
739 2273 779 2322 en
800 2253 945 2320 diutmna
968 2263 1088 2342 portur-

59 2362 163 2437 batione
183 2377 282 2441 totios
302 2375 491 2442 valetudinis
512 2384 661 2462 tanquam
683 2374 725 2440 ed
748 2372 964 2462 aspiciendam
984 2371 1087 2440 lucem

60 2500 116 2551 esse
134 2502 324 2560 revocatum.
355 2493 459 2580 Atque
479 2502 513 2560 nt
533 2502 604 2582 post
625 2490 822 2560 Cannensem
844 2491 934 2558 illam
956 2491 1087 2558 calami·

58 2609 134 2672 tatem
150 2612 283 2696 primum
304 2609 454 2680 Mareelii
474 2613 516 2680 ad
536 2609 650 2679 Nolam
673 2611 795 2699 proelio
814 2609 946 2698 populus
970 2629 1005 2678 se
1022 2607 1087 2676 lto-

59 2709 150 2792 manos'
179 2732 282 2798 erexit
310 2739 482 2818 posteaque
513 2749 685 2818 prosperae
712 2748 765 2798 ros
798 2728 947 2815 deinceps
970 2726 1086 2796 multae

59 2972 167 3104 zymittom.
184 3009 221 3022 -
245 2981 400 3050 mamonae]
423 2983 479 3048 sic,
503 2989 532 3036 et
547 2988 613 3052 post
628 2965 781 3034 mandentis
797 2977 849 3048 Ing.
865 2975 890 3032 8.
909 2975 967 3042 51.,
989 2975 1043 3033 boc
1060 2983 1089 3032 et

80 3072 116 3114 eo.
130 3062 152 3118 l.
174 3062 233 3122 Οιι.

113 3141 155 3204 111.
190 3150 233 3206 10.
270 3148 498 3220 inambularem]
528 3147 711 3206 ambularem
738 3145 790 3203 Gn.
811 3145 889 3202 1.-
914 3149 1017 3216 itaque
1042 3147 1088 3200 du-

58 3227 142 3300 cendi]
159 3242 251 3307 atque
268 3238 327 3292 due.
345 3235 397 3309 Lg.
415 3236 457 3291 35.
475 3235 518 3293 53.
537 3237 580 3292 68.
601 3235 643 3290 ed.
660 3251 701 3306 pr.
714 3263 749 3275 --
775 3232 910 3306 aspecto]
931 3231 972 3286 sic
989 3229 1088 3284 simod

59 3310 136 3369 colisti
150 3318 212 3375 libri
231 3337 342 3388 omnes3
367 3323 501 3392 sequendi
524 3331 614 3378 autem
633 3329 710 3386 sunt,
723 3320 798 3391 'quis
815 3318 940 3389 congrait
963 3315 1089 3370 doctrina

58 3405 292 3480 grammaticorum:
316 3407 344 3462 ι’.
364 3407 523 3464 Schneider.
542 3409 590 3465 Gr.
609 3406 671 3462 Lat.
689 3406 745 3460 vob.
763 3403 796 3459 ΙΙ.
814 3421 842 3474 p.
860 3401 919 3456 599.
933 3431 970 3444 ·-
990 3400 1089 3456 menei

59 3484 128 3554 quid]
146 3493 289 3564 namquid
306 3493 360 3546 ant
372 3494 478 3550 divisim
494 3473 546 3568 115³.
565 3493 607 3548 53.
626 3491 668 3547 56.
687 3491 743 3556 70.;
767 3488 866 3543 eodem
883 3485 1018 3558 nunquid
1034 3483 1089 3540 fert

59 3559 81 3616 ¹¹¹
95 3566 131 3624 35·
148 3575 203 3643 58.;
220 3579 357 3650 scriptura
374 3577 449 3634 baud
469 3595 612 3650 qrraqnam
624 3573 791 3646 spernendo.¹
819 3611 822 3620 .

116 3657 151 3711 ll.
187 3661 295 3732 liberta]
313 3681 408 3718 veram
428 3663 588 3736 scripturam
605 3661 658 3716 soii
679 3654 869 3727 codicum‘Lg.
880 3651 923 3708 39.
942 3661 969 3709 et
985 3649 1089 3720 ottob,

59 3727 95 3787 bie
109 3755 241 3804 correctos
257 3750 285 3803 in
305 3751 485 3816 contrariom,
507 3749 610 3803 babent
632 3761 684 3799 nee
701 3739 945 3812 notabo'postboc.
962 3771 999 3784 ·-
1015 3758 1088 3814 per·

60 3813 185 3899 lebenter]
204 3850 256 3905 per
268 3837 281 3888 t
295 3833 346 3906 hg.
360 3835 403 3890 20.
414 3835 456 3892 35.
471 3835 514 3890 ed.
527 3851 585 3905 pm,
602 3831 670 3887 baec
685 3829 793 3902 quidem
807 3827 915 3898 ubique.
924 3856 960 3866 -
977 3831 1089 3898 episto·

61 3897 121 3976 lm]
143 3919 302 3988 epistolam
318 3918 368 3992 Lg.
388 3921 413 3976 8.
432 3921 492 3988 51.,
517 3919 612 3990 quibus
630 3919 752 3988 quemvis
771 3913 879 3984 optimis
905 3919 1000 3964 contra
1018 3907 1090 3960 veri·

59 3991 129 4132 ῑῗῑθῗ
145 4017 243 4070 perere
259 4005 330 4060 ratio
349 4023 405 4061 non
423 4015 479 4071 est3
499 4022 552 4060 nec
570 4003 673 4061 notabo
691 3999 816 4075 postbac.
828 4026 864 4038 -
881 3993 1088 4060 amicissumos]

59 4083 92 4123 ιιι
128 4098 152 4154 g.
169 4086 194 4140 8.
212 4090 254 4146 51.
275 4087 333 4145 Ort.

118 4165 156 4224 12.
189 4174 383 4244 valetudinis]
402 4175 443 4231 sic
459 4191 511 4248 per
529 4191 545 4228 e
562 4174 642 4233 codd.
662 4172 758 4245 optimi
773 4167 823 4238 ις.
835 4159 915 4219 Ηθ·
931 4158 975 4215 51·
988 4157 1030 4214 53·
1045 4159 1088 4217 7⁰·

59 4235 118 4300 vib
132 4251 155 4308 l·
171 4252 242 4328 Οιι.,
266 4261 312 4331 qui
330 4277 389 4318 com
409 4279 504 4320 omnes
522 4260 711 4332 emptorique
729 4256 757 4312 in
776 4259 853 4310 recto
869 4250 1007 4324 scriptura
1020 4255 1089 4315 tw·
