2640 4780
237 409 340 485 m
629 403 887 478 CICERONIS

236 583 308 661 iuit;
329 583 419 667 isque
440 587 472 644 et
491 579 652 646 orationes
670 579 812 666 reliquit,
835 597 916 667 quae
937 579 1003 648 iam
1024 590 1232 659 evanuerunt,
1252 591 1276 647 et

237 699 363 768 annalis
389 717 468 764 sano
489 695 614 764 exiliter
635 700 797 785 scriptos);
825 708 857 764 et
877 699 996 766 iudicia
1016 697 1141 787 populi,
1171 699 1275 784 quibus

236 815 487 894 accrescatis,
515 818 580 882 iam
605 819 709 902 magis
734 826 897 904 patronum
919 817 1144 884 desiderabant
1163 816 1274 884 tabella

137 965 139 976 ·
235 935 326 1003 tiata:
356 954 449 1022 mam
475 933 581 1020 legem
607 932 645 1000 L.
675 931 807 1002 Cassius
828 933 1007 1023 Lepid01et
1028 935 1182 1002 Mancino
1210 956 1274 1002 cou-

234 1055 356 1122 sulibus
377 1053 455 1120 tulit.

318 1169 464 1238 XXVlll.
494 1169 566 1238 107.
592 1167 706 1236 Vester
732 1173 827 1238 etiam
852 1168 891 1236 1).
917 1169 1031 1238 Bmtus
1052 1169 1098 1236 M.
1125 1170 1224 1249 ilius,
1249 1179 1274 1234 ut

234 1311 274 1358 ex
294 1290 446 1356 familiari
474 1289 543 1354 eius
564 1285 602 1352 L.
626 1289 727 1355 Accio
754 1298 849 1376 poeta
870 1309 938 1356 sum
960 1289 1069 1355 audire
1092 1288 1221 1366 solitus,
1248 1297 1273 1353 et

236 1408 341 1474 dicere
377 1427 441 1473 non
472 1405 587 1472 inculte
623 1405 749 1473 solebat
778 1418 809 1474 et
839 1419 907 1474 erat
933 1427 1001 1474 cum
1026 1407 1129 1474 literis
1157 1405 1274 1473 Latinis

234 1536 298 1592 tum
326 1525 420 1590 etiam
443 1522 591 1599 Graecis,
619 1533 653 1588 ut
679 1526 870 1612 temporibus
890 1526 971 1604 illis,
999 1527 1145 1593 eruditus.
1191 1524 1274 1604 Quae

233 1641 390 1710 tribuebat
417 1642 500 1708 idem
529 1634 647 1708 Accius
676 1645 770 1710 etiam
798 1643 835 1723 Q.
857 1643 1007 1710 Maxumo
1033 1642 1071 1708 L.
1093 1643 1197 1710 Paulli
1223 1663 1275 1708 ne-

234 1760 314 1849 poti:
338 1771 369 1827 et
385 1779 461 1827 uero
485 1769 555 1825 aute
574 1757 772 1839 Maxumum,
792 1761 880 1828 illum
899 1761 1094 1849 Scipionem,
1117 1781 1179 1847 quo
1201 1761 1273 1828 duce

232 1879 355 1966 privato
387 1877 438 1943 Ti.
474 1875 636 1944 Gracchus
670 1881 794 1945 occisus
828 1889 935 1958 esset,
970 1899 1039 1946 cum
1067 1879 1210 1946 omnibus
1243 1881 1272 1942 in

233 1996 328 2063 rebus
349 1994 564 2064 vehementem
592 2006 656 2061 tum
686 2015 792 2064 acrem
819 1997 926 2064 aiebat
952 2000 985 2064 in
1007 1998 1140 2064 boando
1169 1997 1271 2062 fuisse.

231 2114 305 2183 108.
331 2112 413 2180 Tum
434 2115 528 2180 etiam
549 2113 584 2178 P.
606 2111 759 2181 Lentulus
788 2115 844 2182 ille
865 2119 1010 2204 princeps
1032 2116 1074 2182 orl
1089 2135 1158 2184 rem
1177 2114 1271 2202 publi·

232 2251 303 2300 cam
325 2232 473 2298 duntaxat
496 2231 578 2318 quod
602 2250 679 2319 opus
702 2243 788 2300 esset
809 2237 887 2301 satis
908 2234 1057 2300 babuisse
1079 2233 1270 2320 eloquentiae

207 2349 357 2440 ‚diuitum
399 2347 563 2434 Isdemque
589 2351 779 2438 temporibus
808 2350 846 2418 L.
875 2351 987 2419 Furius
1007 2351 1116 2420 Philus
1142 2350 1270 2439 perbene

232 2465 346 2534 Latine
363 2465 452 2552 loqui
467 2465 631 2553 putabatur
645 2468 861 2557 literatiusque
878 2491 970 2558 quam
986 2474 1091 2540 ceteri.
1124 2468 1160 2534 P.
1179 2467 1271 2534 Scae-

231 2584 308 2651 vola
339 2583 433 2664 valde
468 2585 634 2670 prudenter
662 2597 692 2654 et
720 2598 825 2667 acute,
857 2589 952 2676 paulo
980 2591 1074 2656 etiam
1104 2589 1270 2675 copiosius:

232 2721 292 2769 uec
328 2701 422 2770 multo
455 2703 555 2768 minus
580 2703 748 2790 prudenter
774 2703 820 2772 Μ’
850 2705 1012 2774 Manilius.
1055 2705 1136 2793 Appi
1166 2702 1269 2770 Claudi

231 2819 402 2899 volubilis,
442 2819 499 2886 sed
530 2821 624 2908 paulo
657 2823 809 2892 fervidior
837 2835 906 2892 erat
937 2827 1048 2894 oratio.
1100 2823 1137 2889 ln
1168 2823 1270 2908 aliquo

229 3036 280 3109 Lg.
295 3037 336 3092 30.
348 3067 384 3077 -
405 3035 439 3092 L.
459 3039 539 3092 enim
556 3035 643 3107 Piso]
661 3039 696 3094 L.
714 3043 807 3095 eiiam
821 3039 897 3097 Piso
917 3038 969 3096 Gn.
985 3041 1008 3095 l.
1030 3039 1094 3094 Vat.
1115 3040 1186 3094 Veu.
1202 3041 1224 3093 1.
1236 3066 1268 3078 -

231 3123 362 3190 annalis]
387 3122 427 3176 sic
451 3121 501 3194 Lg.
519 3123 562 3178 20.
581 3122 623 3178 35.
641 3123 684 3178 30.
704 3125 746 3180 51.
764 3125 806 3180 56.
833 3127 871 3180 ita
895 3143 965 3181 corr.
983 3125 1008 3179 8.
1026 3154 1061 3166 ·-
1089 3127 1172 3194 same]
1196 3126 1267 3178 satis

230 3209 281 3264 Gu.
293 3211 316 3264 1.
330 3235 366 3253 υ-
384 3225 475 3277 quom
494 3208 599 3280 lepem]
618 3214 708 3280 preest
726 3211 743 3268 l.
763 3211 808 3266 ed.
825 3227 867 3283 pr.
879 3241 915 3255 -
933 3207 969 3267 L.
987 3209 1119 3279 vasates]
1138 3209 1172 3266 L.
1188 3207 1267 3262 mas·

228 3309 279 3348 sos
296 3292 353 3347 Gu..
368 3293 391 3346 l.

298 3375 424 3432 XXVlll.
461 3376 519 3432 107.
554 3377 656 3448 Accio]
680 3379 720 3434 sic
743 3381 805 3435 libri
827 3389 938 3454 praeter
960 3380 1011 3452 Lg.
1027 3380 1071 3435 20.
1088 3377 1131 3433 ³5.
1159 3377 1225 3431 Veu.
1242 3375 1266 3428 0.

229 3461 282 3518 (lu.
301 3463 325 3517 l.
349 3461 392 3516 etl.
413 3475 469 3533 pa,
494 3463 522 3516 in
546 3460 642 3534 quibus
669 3473 711 3519 est
733 3464 852 3532 Actius,·
879 3468 924 3522 ed.
946 3485 989 3538 pr.
1015 3467 1096 3520 etiam
1122 3467 1184 3518 cias
1207 3467 1264 3514 aute

228 3565 282 3603 om.
295 3579 330 3588 -
355 3565 423 3602 cum
441 3548 548 3616 literis]
567 3555 630 3604 tum
647 3550 666 3604 l.
685 3549 737 3604 Gu.
755 3555 777 3606 1.
791 3581 828 3593 ——
849 3553 992 3622 eruditus]
1011 3553 1087 3605 satia
1105 3567 1146 3604 cr.
1165 3545 1264 3604 uanis

228 3633 322 3686 nescio
341 3649 376 3686 an
393 3633 473 3686 codd.
493 3633 582 3687 nullos
601 3642 718 3689 secutus.
730 3665 765 3676 -
787 3636 945 3705 tribuebat]
963 3635 1030 3691 Ero.
1048 3653 1064 3690 e
1082 3629 1263 3696 Per.1).‚eui

229 3716 409 3785 astipulantur
426 3715 477 3785 Lg.
489 3716 531 3769 51.
552 3717 622 3772 Veri.
638 3721 662 3774 1.
697 3718 768 3776 Bell.
787 3738 882 3778 omues
900 3722 1060 3784 tribuerat,
1078 3727 1108 3772 ut
1126 3719 1169 3772 etl.
1184 3733 1221 3788 pr.
1232 3741 1262 3752 -

229 3800 349 3868 Accius]
367 3814 395 3852 v.
409 3815 502 3868 supra.
516 3829 551 3839 -
569 3797 724 3875 mmemt]
742 3809 782 3862 sic
799 3807 871 3862 Vsu.
885 3809 909 3862 l.
932 3805 1029 3863 ottob.
1042 3833 1077 3847 -
1095 3820 1163 3858 mon
1179 3801 1261 3858 omnl-

227 3884 297 3954 bus]
318 3891 381 3939 tum
399 3902 425 3938 o.
444 3884 487 3938 ed.
505 3901 547 3954 pr.
567 3885 619 3941 (lu.
637 3890 660 3943 1.

298 3971 356 4028 108.
393 3969 443 4024 Μ’
459 3968 617 4040 Mamilius]
638 3972 682 4028 M.
703 3975 850 4031 Manilius
867 3977 930 4031 libri
946 3991 1049 4032 omnes.
1065 4001 1102 4016 ·-·
1125 3968 1262 4045 Apprime

227 4057 279 4130 Lg.
293 4057 319 4111 8.
333 4057 375 4112 35.
391 4056 434 4111 80.
446 4055 489 4110 51.
505 4056 547 4112 53.
561 4055 604 4112 58.
617 4057 660 4114 70.
678 4059 749 4116 Vsu.
765 4063 789 4116 1.
821 4061 929 4118 &nudi
946 4061 1035 4115 eidem
1053 4065 1165 4131 praetor
1181 4055 1260 4109 58.-

227 4151 295 4198 crat
314 4143 426 4210 oratio]
446 4143 502 4198 iuv.
521 4144 564 4198 etl.
581 4161 624 4215 pr.

300 4227 359 4283 100.
393 4226 496 4299 respit]
514 4230 554 4284 sic
565 4229 660 4286 Victor
676 4229 802 4288 Pisanus.
828 4231 906 4286 Libri
920 4222 1015 4288 omncs
1032 4237 1060 4286 et
1073 4229 1118 4284 el.
1131 4245 1172 4301 pr.
1182 4223 1261 4296 futili
