2640 4780
250 414 343 486 ²16
644 407 908 478 CICERONIS

249 584 329 650 toris
362 580 438 648 noni
469 599 564 668 quam
595 582 675 648 ciris
705 579 842 648 Romani
871 582 1030 668 proprium
1060 580 1202 647 ridetur:
1232 581 1277 648 sed

249 714 354 770 tamen
374 700 531 766 Antonius
558 703 591 769 in
617 699 725 766 verbis
753 709 785 766 et
805 698 980 784 eligendis,
1008 719 1111 786 neque
1137 700 1276 786 idipsum

247 829 312 888 tam
333 819 452 907 leporis
469 837 570 884 canen
590 837 683 904 qnam
699 818 863 905 ponderis,
885 827 918 886 et
937 817 1135 886 collocandis
1159 829 1189 886 et
1208 838 1277 884 con-

247 937 457 1028 prehensione
485 936 700 1004 devinciendis
728 936 808 1004 nihil
834 957 898 1004 non
923 939 966 1004 ad
989 941 1145 1004 rationem
1170 946 1200 1002 et
1222 946 1277 1000 tan

249 1077 343 1145 qnam
361 1056 403 1122 ad
420 1065 518 1121 artem
535 1055 707 1140 dirigebat,
727 1075 835 1122 verum
853 1055 949 1123 molto
968 1057 1070 1140 magis
1087 1055 1148 1122 lnoc
1162 1054 1278 1122 idemin

249 1178 473 1242 sententiarum
502 1176 693 1240 ornamentis
722 1184 754 1240 et
779 1174 1089 1242 conformationibus.
1131 1172 1202 1240 lll.
1228 1145 1278 1258 quo

248 1313 366 1380 genere
386 1293 461 1378 qnia
480 1301 620 1376 praestat
642 1291 786 1360 omnibus
802 1290 1043 1372 Demosthenes,
1063 1293 1182 1360 ideireo
1199 1291 1278 1357 ado-

141 1393 145 1398 ¹
248 1414 308 1480 ctis
330 1419 488 1477 oratorum
504 1421 552 1477 est
571 1414 716 1499 princeps
738 1411 905 1478 indicetne.
939 1409 1092 1500 σχήματα
1112 1413 1193 1478 eoin
1209 1427 1278 1496 qnae

246 1537 361 1596 vocant
383 1527 511 1607 Graeci,
540 1549 581 1596 ea
601 1540 880 1628 maxumelornant
904 1541 1078 1608 oratorem3
1105 1549 1200 1614 eaque
1223 1547 1278 1592 non

247 1658 312 1714 111111
337 1649 371 1712 in
393 1645 499 1714 verbis
522 1648 688 1734 pingendis
709 1647 827 1716 habent
851 1649 974 1736 pondos
997 1669 1092 1735 qnam
1117 1649 1150 1714 in
1173 1645 1278 1712 illumi-

246 1765 361 1832 nandis
384 1767 555 1830 sententiis.

330 1879 510 1948 xxxviii.
543 1881 609 1948 Sed
639 1902 711 1964 cum
740 1882 822 1950 haec
852 1904 969 1970 magna
1000 1885 1035 1950 in
1060 1883 1196 1950 Antonio
1225 1891 1276 1947 tum

247 2003 330 2070 actio
354 1999 525 2086 singularis
536 2020 655 2110 :opusc
682 2003 712 2068 si
731 2003 898 2089 partienda
918 2013 966 2069 est
995 2005 1027 2067 in
1055 2012 1178 2085 gestum
1199 2010 1275 2085 atque

245 2140 370 2198 vocem,
398 2128 507 2204 gestus
529 2129 597 2186 erat
623 2139 688 2188 non
708 2121 807 2186 verba
828 2123 1018 2208 exprimens,
1045 2120 1106 2187 eed
1129 2140 1196 2186 cum
1216 2138 1276 2184 sen-

244 2241 350 2306 tentiis
376 2257 568 2322 congruens,
599 2257 707 2304 manus
733 2237 856 2304 humeri
884 2239 987 2306 latera
1015 2238 1175 2324 supplosio
1199 2237 1276 2324 pedis

246 2366 346 2422 status
375 2357 518 2422 incessus
543 2357 705 2442 omnisque
727 2366 845 2436 motus3
879 2361 959 2437 [cum
984 2356 1277 2434 veniissententiis-

246 2493 306 2560 qne
329 2477 537 2554 consentiens]
559 2493 622 2539 von
638 2495 841 2562 permanens,
861 2496 969 2542 verum
991 2475 1149 2542 subrauca
1168 2484 1275 2540 natura.

245 2592 305 2659 sed
323 2590 384 2658 lroc
404 2593 513 2658 vitium
531 2589 605 2658 huie
627 2595 681 2658 uni
701 2594 735 2658 in
752 2592 868 2660 honum
887 2593 1097 2662 convertebat.
1140 2591 1211 2660 lta
1229 2591 1276 2656 la-

310 2793 355 2836 111.
381 2803 432 2835 eum
443 2790 519 2834 uerbis
533 2793 695 2846 sententiisque
707 2793 865 2850 consentiens]
879 2795 928 2836 sine
942 2796 1015 2838 nnsis.

246 2958 340 3017 ottob.
373 2960 448 3016 illud
465 2960 586 3032 quidem
600 2966 645 3014 est
661 2961 732 3016 Ven.
749 2963 773 3017 1.
790 2989 827 3002 —-
854 2961 1126 3036 coonpreleensione]
1144 2976 1276 3034 compres-

245 3049 328 3100 sione
352 3046 394 3100 ed.
418 3062 460 3116 pr.
493 3045 543 3117 Lg.
565 3045 590 3098 8.
614 3045 658 3099 20.
682 3045 725 3102 35.
749 3046 791 3100 39.
816 3047 858 3101 58.
884 3049 926 3102 70.
960 3047 1028 3102 Ven.
1049 3049 1072 3101 1.
1089 3049 1114 3102 2.
1142 3046 1199 3103 oo.
1222 3045 1277 3097 Vnt.

244 3128 415 3202 &pressione
428 3129 479 3200 Lg.
493 3131 550 3195 51.;
570 3137 633 3184 orta
646 3147 681 3184 ex
696 3135 933 3204 compressione,
954 3133 1028 3204 quod
1040 3140 1130 3186 exstat
1146 3135 1176 3186 in
1189 3128 1276 3186 5118.

244 3213 321 3269 Vera
339 3233 400 3270 esse
417 3215 487 3268 haec
504 3232 559 3268 non
578 3224 706 3285 possunt,
725 3217 789 3286 quia
805 3234 860 3270 non
879 3218 1002 3272 dicuntur
1020 3217 1055 3270 de
1073 3215 1203 3292 περιόδῳ.

316 3340 374 3395 ltt.
409 3343 560 3410 maxume]
575 3340 624 3411 Lg.
635 3342 660 3396 8.
676 3341 719 3397 39.
734 3341 775 3397 51.
786 3343 828 3396 53.
838 3343 879 3399 58.
895 3341 982 3398 68.-
1001 3345 1164 3412 oratorem]
1178 3340 1277 3397 Pano.

245 3421 341 3482 11111111).
360 3429 533 3478 orationem.
560 3425 680 3498 Vulgata
698 3428 849 3498 elegantior
866 3437 980 3498 propter
996 3435 1186 3497 μετωνυμίαν.
1217 3425 1277 3480 Nan

245 3508 317 3578 quod
341 3507 507 3581 Bernhardy
534 3511 601 3564 dicto
624 3509 727 3583 figures
752 3513 837 3584 magis
863 3515 982 3568 oratoris
1006 3529 1083 3579 esse,
1110 3521 1140 3566 ut
1167 3511 1277 3582 pondere

244 3594 439 3647 sententiarum
453 3613 523 3650 nunc
537 3597 656 3652 oblectet
670 3599 832 3664 auditorem,
847 3615 917 3652 nunc
929 3607 1076 3670 expugnet,
1094 3615 1176 3668 quam
1190 3594 1277 3652 oratio·

246 3675 303 3738 1111,
326 3692 396 3743 quoe
411 3678 554 3734 lenociniis
570 3680 717 3768 figurarupn
736 3683 836 3753 possit,
860 3681 986 3757 σόφισμα
1004 3693 1053 3740 est.
1090 3683 1159 3742 Quis
1182 3684 1277 3754 ignoret

247 3753 348 3826 figuras
365 3765 577 3817 sententiarum
596 3773 624 3818 et
643 3770 817 3833 orationis?¹

315 3881 468 3943 XXXVlll.
504 3891 611 3959 status]
633 3891 753 3949 dubitus
771 3901 870 3949 status
891 3893 942 3964 Lg.
960 3893 1002 3946 20.
1020 3922 1055 3932 -—
1081 3895 1217 3948 incessus
1245 3891 1276 3940 in·

247 3969 341 4022 cussio
366 3965 417 4039 Lg.
436 3968 477 4026 ³9.
500 4005 531 4015 -
562 3993 627 4031 oum
650 3979 743 4035 uerbis
768 3983 977 4048 sententiisque
1002 3979 1197 4044 consentiens]
1221 3988 1277 4027 con·

245 4057 360 4108 ueniens
384 4071 435 4125 pro
459 4067 585 4116 nonunt.
606 4062 656 4134 Lg.
673 4065 708 4119 20
726 4083 794 4120 corr.
831 4065 978 4119 Solouetnio
1002 4064 1050 4116 illu
1070 4063 1170 4117 divisio
1189 4065 1277 4132 gestos,

246 4152 300 4206 que
312 4154 553 4200 commemorentur
564 4164 673 4203 monus
684 4149 802 4206 humeri
815 4151 912 4206 latere
924 4149 1075 4222 supplosio
1086 4149 1175 4220 pedis
1189 4148 1278 4199 status

248 4223 377 4279 lneetsur
400 4229 552 4302 omnisque
569 4240 666 4289 motus
687 4253 743 4292 nen
761 4235 904 4307 placebat,
927 4253 998 4306 quae
1018 4233 1098 4290 nobis
1116 4224 1239 4308 γραφική
1256 4228 1277 4278 ⁶¹
