2644 4774
215 397 304 468 414
538 391 936 464 axrnlcnrtonss

301 565 374 630 256·
418 567 520 627 mutuo
534 567 729 645 immotam]
747 567 907 647 ignobiles.
936 571 1068 628 Manae
1083 568 1238 646 plilosoplus

215 668 331 751 pariter
358 666 429 729 dieti
456 665 492 728 de
513 665 610 730 Diria.
633 667 656 730 1.
680 670 731 731 30.
764 666 829 732 Get
849 669 895 733 Μ.
917 671 976 746 23,
996 670 1065 743 85„
1093 669 1143 750 qni
1166 668 1240 732 eidem

215 770 315 850 plebeii
335 767 424 830 Tnso.
448 767 470 830 l.
493 769 550 854 23,
570 767 621 831 55.
1129 789 1135 796 ·

299 889 334 930 aa
350 869 421 928 utut
436 869 606 947 acclamatio]
626 867 781 933 adversam
796 867 1039 934 acclamationem
1054 867 1125 930 dicit
1138 868 1243 930 similem

214 971 277 1047 illi,
297 988 357 1052 qua
379 975 482 1032 orator
500 969 650 1044 turbatur,
673 970 724 1050 qni
745 970 875 1033 contioni
896 970 1045 1052 displicet:
1076 969 1108 1030 in
1129 987 1180 1050 qno
1199 986 1244 1048 ge-

215 1089 287 1134 nere
307 1072 338 1134 in
353 1070 455 1152 primis
475 1069 614 1152 frequens
634 1079 679 1134 est
701 1069 780 1152 apnd
794 1071 1018 1133 Demosthenem
1037 1063 1184 1134 illud-uui
1195 1089 1245 1146 μοι

215 1169 261 1258 μὴ
283 1164 497 1256 θορυβήσητε
523 1167 642 1256 μηδέν,
671 1161 698 1234 ὦ
721 1162 840 1256 daupu
858 1172 1047 1254 Αθηναῖοι.
1091 1170 1192 1234 (litero
1213 1167 1245 1230 ad

216 1275 252 1351 Q.
272 1273 322 1336 Fr.
342 1271 379 1335 ll.
402 1275 438 1334 8:
468 1271 542 1332 dtatt
568 1275 718 1351 Pompeius
742 1277 802 1333 eiua
828 1275 935 1334 oolam
961 1293 1046 1343 mom,
1072 1279 1106 1329 ut
1128 1274 1245 1340 murat,

216 1393 318 1453 operae
330 1373 485 1433 Clodianae
500 1373 652 1434 clamorem
663 1373 837 1432 mutuarum
852 1373 936 1451 iduum
951 1376 978 1432 ei
991 1379 1126 1450 pomona
1136 1375 1246 1431 oratioue

215 1478 348 1550 aoaoptt,
370 1493 427 1532 unu
447 1472 530 1532 modo
551 1481 583 1531 ot
603 1473 806 1534 acclamatione
812 1516 823 1545 ,
851 1473 901 1533 aad
920 1482 953 1532 at
974 1476 1099 1533 anonimo
1123 1480 1150 1531 et
1171 1471 1247 1530 male·

212 1574 299 1633 dtattu
318 1573 507 1650 impediretur.
550 1572 634 1634 llano
654 1573 745 1636 uitari
763 1575 846 1636 iubet
865 1573 903 1636 de
924 1575 976 1637 Or.
997 1573 1035 1636 11.
1056 1575 1115 1648 83,
1137 1573 1204 1636 389.

299 1675 365 1752 plau
384 1673 521 1750 interfuit]
547 1673 632 1736 illam
653 1675 821 1755 opinionem
842 1675 929 1756 qnasi
949 1674 1016 1756 plus
1036 1673 1133 1755 prosit
1153 1671 1250 1736 aidan

214 1776 376 1857 imperator
404 1791 492 1853 qnam
517 1775 564 1836 uir
586 1786 696 1838 rernm
711 1777 839 1840 ciuilium
868 1793 980 1855 gnarus
1006 1774 1137 1836 studiose
1162 1772 1252 1836 minuit

215 1877 322 1940 (litero
333 1873 389 1937 Oli.
400 1873 423 1935 l.
435 1877 486 1934 22.
519 1874 558 1936 lit
575 1873 611 1938 de
627 1876 692 1939 viro
708 1876 879 1957 republica
895 1875 973 1939 domi
990 1874 1123 1955 gerenda
1140 1873 1251 1954 egregie

214 1976 318 2039 merito
341 1975 529 2050 assentimnr;
557 1977 604 2037 sin
624 1977 651 2038 is
674 1985 777 2040 orator
797 1977 879 2040 solas
903 1978 973 2053 erit,
999 1976 1143 2038 maumas
1165 1972 1253 2040 aaut

214 2077 387 2140 sententiam
413 2076 544 2158 probare
570 2093 608 2138 ex
627 2077 785 2140 Hortensio
813 2077 965 2142 Ciceronis
991 2083 1135 2140 retentam
1161 2075 1254 2138 aLa·
1311 2109 1312 2112 =

215 2179 325 2241 otantio
344 2177 395 2243 Vl·
416 2179 451 2252 2,
471 2175 525 2240 lo:
550 2178 644 2250 mula,
664 2178 774 2259 inquit,
794 2179 838 2238 nal
858 2198 945 2238 uuum
968 2197 1090 2256 paruam
1111 2177 1146 2236 de
1167 2173 1255 2250 offitio

215 2279 353 2349 libellum,
375 2297 462 2355 quum
477 2279 591 2354 inopum
608 2283 765 2340 orationem
784 2299 838 2357 pra
851 2279 984 2339 seditioso
1000 2279 1111 2340 leontiae
1123 2275 1254 2338 cauata.

299 2377 398 2455 lutati]
427 2377 521 2441 eidem
545 2379 649 2460 peritis
675 2387 706 2442 et
733 2377 855 2442 eruditis
884 2386 1070 2463 opponuntur
1094 2379 1127 2440 in
1150 2372 1255 2442 Parad.

213 2477 264 2542 ΠΙ.
287 2482 323 2553 2,
345 2480 396 2538 23.

298 2576 430 2641 LXXIV.
469 2577 541 2642 258.
576 2579 739 2658 cauatam]
756 2580 868 2644 Statius
885 2577 1032 2642 Caecilius
1048 2577 1175 2642 [muner
1190 2574 1257 2641 (tal-

212 2678 261 2742 lns
292 2697 320 2740 n.
342 2679 406 2743 586
433 2677 495 2741 uita
522 2681 657 2743 excessit.
706 2681 848 2745 limorum
875 2679 1044 2756 ciceronis,
1079 2677 1161 2760 qnod
1186 2678 1257 2740 iuno

212 2779 313 2843 Laelii
341 2787 371 2842 et
398 2779 546 2861 Scipionis
575 2781 731 2862 aequalem
758 2783 882 2858 dixerit,
913 2797 999 2863 quem
1027 2780 1179 2861 reperisse
1205 2775 1273 2863 sibi!

212 2880 354 2960 Meyerns
381 2881 511 2957 videtur,
541 2898 599 2960 ego
627 2882 741 2945 nnllam
766 2883 976 2947 animaduerto.
1019 2881 1084 2945 Etsi
1112 2881 1191 2943 enim
1215 2876 1259 2939 illi

102 3011 106 3018 ·
213 2981 295 3044 oiroa
315 2999 422 3043 annum
442 2981 506 3046 ato
526 2982 589 3044 nati
609 2990 690 3059 sunt,
713 2985 779 3047 inre
799 2992 896 3046 tumen
917 2981 1063 3047 Gaeailius
1085 2999 1190 3044 eorum
1210 2995 1259 3041 ae·

213 3081 311 3163 qualis
333 3081 392 3144 dioi
414 3084 525 3164 potnit,
553 3084 605 3162 qui
632 3101 696 3147 enm
716 3085 778 3148 illis
801 3085 932 3166 wamiis
956 3081 1123 3146 iunioribus
1143 3079 1260 3146 uixerit.

212 3183 314 3247 Malas
341 3180 505 3246 latinitatis.
523 3191 626 3246 aneton
651 3193 775 3249 uocatur
796 3187 884 3248 etiam
905 3182 944 3247 ad
960 3185 1019 3246 Att.
1039 3182 1103 3249 vn.
1124 3184 1155 3244 3.
1201 3185 1261 3240 Pu-

211 3288 311 3344 auatar
327 3290 435 3358 antem,
457 3284 509 3365 qai
522 3283 587 3347 iere
602 3287 766 3366 nonaginta
781 3304 874 3349 annos
890 3291 977 3347 natus
994 3283 1121 3347 deoessit
1141 3301 1172 3346 a
1189 3279 1261 3355 625,

212 3400 277 3446 eum
297 3383 490 3446 Brundisinus
513 3391 664 3448 essetnec
686 3395 824 3468 quantam
844 3387 956 3450 Ennius
978 3385 1042 3448 eins
1063 3391 1213 3464 cognatus
1232 3383 1263 3442 in

211 3501 346 3548 sermone
367 3483 547 3550 emendando
575 3485 773 3566 elaborasset,
800 3489 867 3572 ipse
891 3503 1009 3570 quoque
1033 3486 1191 3568 inquinate
1215 3483 1264 3546 lo·

211 3592 294 3648 entus
317 3593 371 3650 est.

257 3681 261 3688 '
293 3704 344 3744 aaa
362 3686 419 3762 aar]
441 3685 561 3749 inutiles
582 3687 769 3752 oonieotnrae
791 3694 857 3750 sunt
874 3685 1023 3752 Gulielmii
1041 3692 1070 3748 et
1086 3685 1212 3750 Ernesti
1233 3703 1267 3744 aa

210 3785 437 3865 corrigentium,
458 3785 544 3848 huius
561 3796 718 3869 praeterea
738 3791 885 3854 inuentum
906 3809 937 3848 us
958 3788 1089 3848 larlarte
1106 3787 1269 3849 ammeta

209 3887 433 3962 ioffieeooeruut.
475 3886 596 3951 Fefellit
621 3890 676 3954 lros
706 3899 735 3954 el
757 3889 943 3954 Schuetziurn
969 3907 1017 3949 eoa
1042 3895 1112 3970 post
1137 3891 1192 3965 qai
1220 3887 1269 3948 in·

210 3996 338 4067 gestum,
357 3987 437 4070 qnod
452 3990 484 4053 in
498 3998 609 4054 mutato
627 4008 699 4055 oasa
712 3991 893 4075 pronominis
911 3989 1074 4069 legitimum
1089 3996 1119 4052 et
1137 3986 1269 4054 armus

210 4095 240 4150 et
259 4089 375 4152 Latinis
397 4098 450 4154 est.
492 4091 539 4154 De
560 4093 682 4158 Graecis
706 4091 1103 4176 expedierunt-Hermannns
1131 4087 1173 4152 ad
1195 4088 1269 4164 Vig-

209 4205 239 4250 n.
256 4190 307 4255 28.
329 4209 359 4273 p.
376 4193 448 4256 707.
471 4199 500 4256 et
519 4191 705 4258 lleindorias
728 4195 767 4258 ad
786 4193 875 4277 Hipp.
897 4193 973 4259 Mai.
995 4191 1024 4274 ὅ.
1044 4195 1112 4270 aaa
1133 4190 1269 4258 Latinos
