2644 4774
113 447 118 454 ,
230 356 330 456 aar
557 351 957 425 axrurclrrcuus

231 529 281 596 v‘cl
297 528 424 594 dntcdu
447 527 597 592 concedat.
640 529 703 592 lanu
722 549 838 590 uacans
854 530 1007 604 dimanet
1028 533 1072 590 est
1093 527 1164 588 aden
1185 527 1276 587 sallus
1315 575 1316 580 ,

232 634 323 710 potnit
337 632 473 700 inveniri,
491 634 538 706 qai
549 639 691 690 acutarum
706 630 820 690 sewardi
831 631 886 690 inci
900 626 1098 708 praeferret?“
1118 628 1203 690 Haec
1217 627 1273 689 ille.

320 731 390 794 187.
432 731 629 809 Acttpcaidas]
651 730 772 794 eandem
792 731 991 793 narrationem
1014 737 1057 806 et,
1079 737 1111 791 ut
1128 729 1221 805 solet,
1243 746 1276 790 ex

232 830 377 895 Cicerone
403 829 537 892 haustam
564 831 654 894 habet
678 832 816 897 Valerius
840 832 989 896 Maximus
1009 831 1059 894 111.
1083 833 1114 892 7.
1137 837 1212 892 extr.
1235 833 1276 902 2.;

233 911 358 997 similem
376 933 547 993 sententiam
565 933 614 995 nel
634 933 672 995 ab
688 932 867 1012 Antigenida
886 933 935 997 uel
955 933 993 994 ab
1008 929 1187 1012 Asopoduru
1209 947 1278 1011 pru-
1315 973 1316 988 .

232 1033 326 1096 latarn
345 1033 513 1096 Athenaeus
533 1051 563 1113 p.
584 1033 655 1096 631.
671 1033 709 1110 i,
734 1052 819 1114 quem
839 1034 936 1095 locunt
956 1031 1130 1110 Bernhardy
1148 1029 1276 1092 cuntulit.
1315 1037 1316 1110 ᾖ

232 1135 364 1200 Fuerunt
386 1141 481 1196 auteur
502 1133 556 1196 illu
576 1135 692 1197 nornine
715 1135 791 1196 clari
810 1135 945 1196 tibicines
966 1133 1039 1210 duc,
1070 1150 1196 1214 quarum
1216 1139 1280 1192 uter

232 1235 309 1298 illud
340 1235 447 1297 dietum
477 1235 635 1317 protulerit
667 1236 843 1314 ignoratur:
880 1254 909 1298 r.
939 1234 1054 1306 Iacubs.
1090 1233 1131 1296 ad
1161 1231 1277 1296 dnthcl
1315 1223 1316 1298 i

233 1337 293 1402 vul.
307 1337 370 1403 vll.
388 1355 418 1418 p.
436 1335 488 1420 57.
521 1333 724 1415 Wyttenbach.
747 1337 786 1398 ad
801 1337 878 1400 Plut.
900 1343 921 1396 t.
936 1334 973 1398 ll.
993 1354 1022 1416 p.
1038 1335 1111 1396 378.
1135 1333 1182 1396 ed.
1199 1333 1278 1412 Lips.

233 1437 329 1520 intpp.
350 1437 452 1501 Procli
471 1437 683 1518 Hephaestioni
707 1436 815 1500 adiecti
842 1436 920 1518 apud
943 1435 1132 1501 Gaisiurdunu
1157 1453 1189 1516 p.
1210 1433 1279 1496 488.

235 1537 282 1600 ed·
303 1539 393 1702 ligg-
435 1637 550 1716 parade
568 1639 710 1710 accidant,
728 1639 768 1716 at]
792 1638 927 1700 usitatius
945 1645 1009 1700 erat
1026 1657 1069 1699 uc.
1101 1639 1150 1702 Dc
1167 1639 1219 1702 Or.
1234 1635 1280 1699 ill.

235 1739 292 1814 56,
315 1740 394 1802 213:
423 1739 473 1798 aed
498 1739 567 1800 baec
595 1743 690 1798 amaia
718 1739 832 1816 perinde
859 1748 942 1810 auur,
970 1747 1002 1798 at
1030 1748 1165 1816 cynntar.
1208 1737 1280 1800 Plin.

235 1840 312 1920 app.
327 1840 350 1902 1.
367 1842 418 1902 rc.
439 1840 554 1917 peasa
570 1848 601 1899 a
616 1839 749 1901 crassas.
791 1841 864 1902 rost
884 1841 968 1898 ausser
983 1848 1066 1916 usqae
1088 1835 1282 1922 sacrararum
1315 1799 1316 1872 l

236 1957 302 2002 esse
327 1949 360 1998 ct
385 1948 453 2021 pust
477 1940 670 2004 Steuechium
699 1948 727 2002 et
752 1939 949 2002 Tursellinuru
975 1940 1086 2014 iniuria
1112 1939 1283 2002 decreuerat

236 2025 397 2122 Wopkens.
417 2041 511 2103 Lectt.
533 2039 614 2102 Tull.
636 2041 659 2102 Ι.
684 2040 749 2116 15.;
778 2058 832 2104 uec
854 2040 982 2102 concede
1003 2039 1120 2102 Handic
1142 2041 1175 2102 in
1198 2040 1283 2102 Turs.

235 2140 295 2204 rol.
308 2141 331 2203 Ι.
353 2160 383 2224 p.
398 2144 470 2205 269.
491 2143 522 2204 in
538 2143 595 2204 hac
611 2141 740 2203 turmula
757 2152 841 2220 utque
863 2141 969 2204 dictum
985 2159 1051 2202 esse
1069 2159 1127 2221 prc
1143 2149 1230 2219 utque
1246 2133 1287 2197 ut.

323 2242 492 2320 tractaretur]
512 2242 686 2304 afficiuntur.
716 2259 741 2305 c.
757 2243 813 2318 54,
829 2245 903 2306 199:
920 2247 963 2302 sic
977 2261 1014 2300 ca
1030 2247 1195 2301 animarum
1210 2249 1287 2299 arcta

238 2346 361 2402 cernitur
381 2342 449 2420 quid
463 2344 622 2404 tractandis
641 2345 686 2404 irie
703 2342 810 2418 efficiat
827 2353 942 2416 orator3
965 2341 1003 2404 cf.
1020 2341 1078 2417 55,
1094 2345 1168 2425 202.
1213 2341 1286 2404 illuc

236 2461 364 2506 summus
387 2450 489 2505 uratur
507 2442 612 2506 Cicero
630 2443 812 2520 Quintiliana
834 2443 927 2506 dictus
950 2450 994 2504 est
1010 2461 1139 2502 wmarus
1155 2451 1287 2502 tractur-

237 2543 338 2601 dcram
365 2547 525 2603 animemus
551 2545 673 2618 artifex,
701 2545 754 2608 xl.
778 2548 812 2622 1,
834 2545 901 2620 85.;
928 2561 1012 2626 quern
1039 2543 1138 2606 lecum
1163 2542 1286 2608 contulit

237 2642 388 2721 Meyerus.

321 2742 370 2806 Ll.
417 2745 487 2807 190.
529 2747 682 2823 perorandi
703 2747 805 2824 locum]
827 2746 904 2808 idem
925 2745 1014 2809 dese
1034 2753 1161 2809 testatur
1181 2744 1284 2809 Cicera

237 2844 289 2908 0r.
307 2846 357 2918 37,
378 2845 447 2907 130.
469 2863 498 2925 p.
515 2845 611 2908 Balbo
628 2849 658 2909 7.
700 2847 782 2909 Fieri
802 2848 859 2909 huc
876 2849 984 2929 patuit,
1008 2846 1089 2928 quod
1105 2853 1175 2908 ante
1191 2846 1285 2924 legen

234 2943 406 3024 Pompeiani
425 2945 613 3008 iudiciariam
633 2947 727 3009 tribus
755 2956 882 3028 quatuor
910 2967 999 3012 sexue
1019 2945 1155 3030 patronis
1179 2961 1285 3008 causae

238 3045 419 3122 agebantur,
448 3065 535 3127 quam
557 3048 595 3110 ub
617 3065 680 3110 rem
704 3049 816 3128 singuli
837 3049 944 3112 dicturi
964 3051 1041 3110 inter
1062 3066 1095 3110 se
1116 3046 1286 3128 provincias

235 3146 458 3226 partiebantur:
490 3167 518 3212 u.
545 3167 575 3230 p.
600 3148 738 3212 Cluentia
763 3152 813 3212 70.
852 3169 882 3230 p.
904 3152 985 3232 Mur.
1006 3152 1038 3211 4.
1075 3167 1105 3230 p.
1129 3146 1237 3210 Sextia
1259 3148 1286 3206 2.

191 3255 199 3263 “
236 3245 364 3308 Damnat
384 3247 415 3308 id
435 3247 596 3310 institutum
616 3251 737 3312 Antonii
758 3251 874 3313 numine
895 3250 932 3314 de
953 3253 1005 3314 Or.
1026 3250 1063 3312 11.
1083 3252 1139 3324 77,
1161 3250 1237 3310 313.
1260 3251 1287 3308 et

235 3347 302 3428 ipse
323 3347 354 3409 in
374 3348 465 3410 Bruto
486 3348 537 3423 57,
559 3352 632 3411 207.
1044 3402 1046 3408 .

323 3452 393 3512 191.
436 3450 647 3526 Actimcctuunt]
680 3452 751 3516 Sine
773 3451 862 3514 dubio
889 3472 992 3529 alcyren
1015 3451 1158 3512 saturatas
1182 3448 1286 3512 Cicero

237 3549 418 3612 Thebaidem
446 3551 638 3630 significarit,
674 3551 726 3614 sed
757 3553 868 3615 errauit
899 3553 1040 3614 memoria
1072 3550 1233 3630 deceptus,
1265 3546 1288 3608 si

238 3650 354 3730 quidem
373 3651 548 3713 Plutarchus
576 3653 659 3714 testis
686 3660 730 3715 est
757 3671 877 3715 carmen
896 3653 1062 3716 Aninachi
1088 3653 1120 3712 in
1146 3651 1287 3712 honeren

119 3758 121 3763 ’
236 3749 385 3828 Lysandri
400 3752 590 3830 compositum
605 3754 730 3816 Platane
746 3754 903 3834 plaudente
920 3760 1112 3816 sustentatum
1129 3769 1208 3826 esse,
1228 3766 1288 3812 cun

238 3851 277 3914 ab
298 3849 482 3912 auditoribus
503 3853 733 3934 relinqueretur:
754 3875 782 3920 u.
804 3854 951 3934 Lysandri
971 3855 1062 3920 uitam
1083 3869 1109 3916 c.
1134 3853 1186 3914 18.
1231 3850 1286 3914 Nn-

236 3952 310 4016 tauit
330 3952 480 4031 Meyerus.

321 4057 415 4116 instar
436 4054 628 4132 astumatum]
652 4054 688 4117 de
709 4057 853 4118 sententia
874 4060 942 4116 ante
961 4055 1060 4116 omnia
1081 4053 1287 4118 conterendum

240 4141 421 4220 Graecorum
442 4141 492 4228 εἷς
514 4149 589 4234 ἐμοὶ
609 4147 739 4241 μύριοι,
763 4175 820 4238 quo
839 4157 904 4239 ipse
918 4153 1024 4220 Gicero
1046 4157 1141 4221 utitur
1161 4153 1200 4218 ad
1214 4152 1289 4216 Atti-
