2640 4780
270 435 466 507 saccos
496 437 586 510 css.
608 443 660 510 os.
682 443 735 511 sc.
941 423 1027 522 sei

20 605 78 673 lonc
102 605 240 673 studiose·
261 607 322 674 duo
349 609 568 678 adolescentes
595 611 844 697 ingeniosissimi
869 623 900 680 et
927 635 1023 706 prope

20 725 133 811 equales
160 722 194 790 G.
221 723 325 794 Carbo
358 737 390 794 et
415 725 466 794 Ti.
495 725 657 798 Gracchus
684 730 793 798 audine
821 731 908 798 soliti
934 743 1022 802 sunt:

20 841 40 906 le
65 841 164 928 quibus
194 844 258 910 iam
290 844 416 914 dicendi
447 845 537 934 locos
560 850 637 928 erit,
671 867 741 915 cum
772 847 827 928 de,
844 849 1023 936 sopionibus

20 979 89 1025 nauco
111 961 224 1032 dixero.
269 961 305 1044 Q.
329 965 411 1030 enim
433 963 599 1053 Pompeius
620 986 684 1034 non
704 975 894 1056 contemptus
916 977 1024 1037 orator

20 1079 165 1164 emporibus
193 1079 258 1148 illis
282 1081 352 1161 init,
383 1086 436 1170 qui
462 1103 600 1150 summos
628 1082 765 1152 honores
789 1083 882 1154 homo
906 1105 964 1174 per
984 1107 1021 1154 so

20 1199 122 1281 cognitos
150 1200 217 1265 sine
247 1197 314 1266 nlla
340 1201 608 1270 commendatione
635 1203 788 1270 maiorum
810 1211 859 1270 cst
881 1203 1020 1292 adeptos.

20 1313 45 1380 ii.
63 1313 131 1381 Tum
151 1313 187 1382 L.
211 1314 344 1386 Cassius
366 1319 493 1388 multum
514 1323 627 1410 potuit,
655 1341 719 1388 non
740 1319 934 1409 eloquentia,
963 1321 1020 1390 sed

20 1431 110 1502 licendo
136 1445 254 1516 tamem
279 1435 372 1506 homo
399 1459 463 1506 non
483 1437 690 1518 liberalitato,
716 1449 748 1506 ut
770 1439 841 1519 alii,
870 1439 928 1508 sed
949 1441 1021 1529 ipsa

20 1551 102 1618 istitia
124 1563 153 1620 et
180 1557 348 1622 severitate
369 1556 544 1645 popularis:
575 1559 663 1625 onius
685 1557 810 1646 quidem
830 1557 896 1648 legi
917 1557 1020 1626 tobel-

20 1670 81 1735 'cice
107 1669 147 1736 M.
174 1672 289 1740 Antius
316 1671 410 1741 Briso
442 1651 583 1742 tribunus
615 1675 718 1763 plebis
750 1677 804 1744 diu
833 1679 946 1771 reptitit
971 1673 1017 1742 M.

20 1787 96 1872 ,opido
115 1790 243 1857 consulo
266 1791 447 1872 adiuvante3
469 1812 570 1879 eoque
594 1813 647 1858 nes
668 1793 703 1857 Ρ.
724 1793 876 1860 Africano
897 1795 1018 1880 vitupe-

20 1905 89 1972 ttioni
116 1907 185 1986 luit,
214 1907 297 1994 qood
325 1911 393 1975 eius
424 1911 607 1977 auctoritate
630 1910 668 1978 de
691 1912 847 1978 sententia
868 1910 1017 1978 deductus

20 2019 70 2089 tiso
98 2026 268 2113 potabatur.
318 2023 400 2093 Tum
431 2027 492 2093 duo
521 2023 698 2114 Caepiones
730 2027 857 2094 multum
885 2026 1017 2093 clientes

20 2141 105 2209 cnsilio
123 2155 152 2211 et
169 2145 297 2230 lingua,
317 2143 388 2231 plus
413 2145 597 2212 auctoritate
617 2154 723 2210 tanen
744 2153 774 2210 et
790 2145 895 2228 gratia
910 2142 1017 2210 suble·

20 2255 97 2336 abont‚
137 2259 251 2345 †Sex.
267 2260 395 2349 Pompei
414 2273 485 2329 sunt
506 2264 622 2350 scripta
643 2281 703 2330 nec
723 2263 817 2328 nimis
839 2271 1015 2341 extenuata,

20 2391 145 2464 tanquam
165 2391 305 2447 veterum
327 2390 375 2448 cst
396 2381 525 2461 similis,
549 2391 580 2450 et
600 2380 695 2470 plena
715 2381 907 2468 prudentiae.

62 2493 169 2582 xxti.
201 2497 254 2564 98.
288 2496 322 2564 Ρ.
356 2496 507 2566 Crassum
537 2499 632 2568 valde
664 2499 829 2588 probatum
858 2507 1015 2567 oratorem

21 2599 73 2678 lien
95 2616 161 2683 iero
187 2615 378 2704 temporibus
405 2622 597 2706 accepimus,
625 2620 678 2706 qni
705 2627 736 2688 et
762 2619 890 2704 ingenio
916 2587 1015 2686 valuit

45 2813 70 2854 ti.
94 2814 146 2860 Sex.
159 2815 266 2872 Pompei]
280 2817 328 2860 Sed
340 2817 449 2873 Pompeii.

47 2983 79 3039 di.
113 2986 308 3054 liberalitate]
328 2983 485 3038 hilaritate
495 2982 578 3048 Ern.;
590 2983 619 3038 id
631 2983 863 3056 estmhg.³5.-
880 2982 1013 3052 clientes]

22 3065 96 3124 lescies
117 3072 186 3125 Par.
200 3070 236 3125 D.
269 3069 401 3124 dicentes
419 3069 456 3122 de
473 3066 597 3122 comitto
614 3067 665 3122 Gn.
685 3070 760 3124 1.-
784 3065 855 3125 Sem.
875 3067 1015 3142 Pompei}

22 3155 106 3210 nerins
125 3153 177 3224 [ις.
197 3143 291 3208 omnes
310 3162 420 3231 praecep
431 3153 490 3220 tt,
508 3153 573 3208 item
590 3151 660 3208 Ven.
674 3153 696 3208 l,
707 3153 732 3210 2.
759 3150 817 3209 oo.
834 3153 898 3210 Vnt.
916 3151 967 3206 Gn.
979 3153 1014 3219 l.,

22 3233 62 3292 lid
77 3255 169 3294 serum
189 3247 239 3294 est.
275 3236 367 3304 Sem,
381 3237 526 3312 ⁴Madvigii
544 3237 761 3294 emendationem
782 3235 885 3312 Opusc.
906 3256 934 3309 p.
954 3237 1014 3310 its.

23 3323 132 3392 opimus,
156 3340 215 3379 cum
233 3324 261 3378 in
281 3324 356 3379 libris
375 3319 403 3378 et
420 3324 481 3379 edd.
499 3325 535 3380 sit
552 3323 613 3380 scd.
650 3325 788 3380 Corradus
806 3329 831 3378 dt
849 3323 1013 3380 Schoetniua

23 3405 117 3464 mebant
137 3407 199 3464 Sed
218 3409 320 3475 Quinti
339 3409 395 3464 scil.
432 3410 596 3481 Caepionis,
613 3408 687 3463 haud
704 3410 829 3480 proiecto
844 3410 931 3476 mele,
949 3408 1013 3462 dom

23 3500 106 3549 steret
122 3496 225 3568 aliquid
243 3496 278 3549 tle
296 3495 413 3549 hominis
429 3493 522 3550 literis.
559 3491 695 3567 Madvigii
712 3495 782 3550 haec
795 3494 882 3548 verba
897 3493 1013 3564 apponi·

23 3589 49 3627 ¹⁸:
64 3581 185 3644 „reditus
195 3581 242 3635 ille
255 3580 387 3636 orationis
398 3580 432 3632 ad
445 3579 480 3638 Q.
494 3578 672 3650 Pompeium,
685 3596 764 3648 qoem
776 3577 896 3650 lingunt,
909 3578 1012 3633 nullam

23 3655 191 3720 detentionem
200 3667 228 3720 in
237 3666 327 3720 media
336 3665 556 3729 enumeratione;
566 3680 618 3718 nec
627 3665 687 3716 illa:
701 3662 774 3718 Tum
784 3661 817 3718 L.
831 3661 951 3718 Cassius
960 3667 1010 3719 ec.

23 3745 199 3819 tinterposuit,
217 3759 345 3820 tanquam
362 3753 448 3806 minus
466 3752 546 3806 claris
559 3748 775 3806 commemoratis
791 3747 827 3802 od
845 3749 920 3802 illum
940 3748 1011 3803 necll-

24 3841 50 3882 Ἧι
73 3843 147 3890 esset.
184 3835 254 3889 Toto
279 3835 368 3889 sonmo
395 3836 473 3891 holus
491 3834 675 3908 percussionis
695 3845 833 3889 oratorum
849 3851 944 3904 parom
961 3851 1011 3889 no·

24 3909 64 3967 ium
79 3919 209 3987 postulet,
235 3928 264 3974 ut
281 3918 326 3974 lto
344 3937 433 3975 novus
451 3930 546 3977 orator
566 3921 731 3975 nominetur:
757 3921 849 3988 ltaque
866 3917 1011 3989 legendnm

24 3996 106 4059 iseo.
123 4003 268 4076 Pompeii.
303 4002 498 4078 Intelligendns
520 4005 628 4062 videtur
651 4005 700 4061 Gn.
720 4001 865 4058 Strabonis
888 4009 917 4055 et
941 4002 1008 4056 Sex.

24 4087 95 4152 mpeii
108 4089 172 4144 iuris
189 4089 304 4144 consulti
322 4096 350 4143 et
370 4091 456 4146 Stoici
476 4099 554 4163 pates
573 4093 611 4162 (v.
623 4089 702 4146 Brut.
716 4088 766 4154 ⁴7,
785 4086 880 4152 175).“
898 4114 933 4126 -
957 4093 1010 4138 em-

24 4174 101 4240 toota]
121 4179 218 4230 oratio
236 4173 298 4229 adn.
317 4174 360 4228 ed.
378 4193 420 4246 pn.

47 4251 136 4320 xxvi
159 4259 214 4319 tto.
250 4259 358 4330 tedam]
374 4261 414 4318 sie
424 4259 477 4334 [ις.
486 4260 510 4316 8.
519 4259 561 4320 51.
572 4259 612 4316 53.
621 4259 663 4318 58.
672 4257 759 4315 tc-
779 4251 868 4324 Gaio]
883 4252 923 4309 sic
934 4257 1010 4341 secto
