2660 4776
225 395 292 467 u
387 387 536 458 uerus
555 385 855 470 amoturum
874 385 980 454 ROhh
999 385 1110 454 fflS'l'.

225 573 374 630 sundere
393 563 573 628 Gneoornn
593 578 731 624 nummos
754 569 785 623 et
804 561 980 623 muntem
998 561 1065 624 soni
1084 561 1196 642 primus
1219 579 1268 623 ue-

226 667 335 749 quavit.
377 665 416 729 llt
442 682 508 726 oum
529 671 627 726 essent
646 664 698 744 poi
718 663 842 743 audone
861 669 891 724 et
911 662 1035 724 horrida
1055 663 1142 724 uultis
1165 670 1195 724 et
1215 681 1268 743 po·
1325 653 1326 708 Ϊ

224 770 285 832 litis
313 766 513 849 praeferrent,
539 767 608 828 item
636 765 688 846 qni
708 771 860 844 amputata
885 771 915 825 et
939 763 1111 844 praefracta
1135 764 1268 826 rotundis

225 877 255 932 et
281 868 429 932 eonolusis
449 864 518 946 (⁶⁷),
549 868 656 930 iustior
685 874 782 927 tanmn
807 866 967 946 posteritas
995 865 1121 946 perlecti
1149 874 1179 927 et
1211 866 1269 926 suis
1325 949 1326 952 Ἴ

224 969 401 1054 quibusdan
426 971 555 1032 numeris
581 967 711 1030 absoluti
735 967 879 1028 sermonis
903 966 1020 1029 landem
1047 967 1188 1029 Gioeroni
1212 985 1269 1028 nou
1325 959 1326 1032 ζ

224 1072 391 1151 denegavit.
423 1071 498 1134 llan
519 1087 585 1132 oum
600 1071 727 1141 vireret,
747 1067 892 1148 plurimos
913 1077 942 1128 et
956 1064 1088 1130 anulos
1109 1075 1139 1130 et
1154 1067 1268 1128 invidos
1325 1063 1326 1072 ’

222 1175 345 1246 invenit,
368 1173 434 1253 qui,
455 1187 522 1234 oum
541 1187 597 1232 neo
611 1169 717 1251 populi
736 1185 792 1230 neo
812 1168 964 1231 doctorum
983 1167 1093 1230 iudioio
1112 1169 1162 1230 illi
1181 1185 1269 1250 pares
1325 1241 1326 1252 χ

224 1276 414 1348 haberentur,
434 1273 492 1334 sihi
508 1279 605 1336 tamen
624 1272 684 1352 ipsi
704 1269 880 1351 plauderent
899 1278 928 1332 et
948 1270 1026 1332 alios
1044 1277 1268 1332 contemnerent.
1325 1285 1326 1362 3

224 1374 316 1438 'l'ales
336 1375 513 1456 soriptornm
529 1373 704 1448 Sallustius,
725 1380 876 1435 oratorum
890 1371 1013 1433 Asinius
1026 1371 1125 1434 Pollio
1142 1370 1269 1433 fuerunt.

223 1475 263 1539 Et
282 1476 331 1538 hio
352 1474 428 1538 adeo
450 1475 585 1550 errabat,
606 1481 653 1549 ut,
674 1491 739 1536 oum
759 1473 933 1536 Sallustium
953 1472 1184 1536 Catonianorum
1203 1491 1269 1536 ver·
1325 1495 1326 1562 l

223 1577 329 1640 horum
349 1575 444 1638 iurem
468 1575 747 1658 impudentissimum
767 1573 905 1650 dixisset,
930 1575 963 1636 in
987 1592 1037 1636 res
1057 1575 1149 1636 multo
1175 1575 1270 1636 minus

223 1677 397 1742 tolerabiles
425 1695 491 1741 seso
517 1675 671 1758 delapsum
692 1675 930 1751 oblivisceretur3
958 1695 1045 1758 wem
1070 1677 1193 1739 obrem
1219 1694 1270 1738 ae·
1325 1683 1326 1762 l

225 1779 381 1860 quhdmns
401 1778 491 1842 index
507 1778 706 1856 Quintilianus
727 1777 827 1840 seoulo
848 1779 978 1859 priorem
995 1777 1092 1840 videri
1106 1797 1196 1861 posse
1207 1775 1270 1858 (⁶⁸),
1325 1767 1326 1774 '

223 1880 316 1962 paulo
338 1880 474 1944 aoerhins
487 1882 569 1964 Aper
588 1881 620 1942 in
637 1879 759 1959 dialogo
782 1878 818 1940 de
834 1879 1002 1941 oratoribus
1023 1881 1100 1942 inter
1114 1881 1271 1944 Menenios
1319 1904 1323 1912 ·

224 1989 254 2044 et
281 1983 395 2064 Appios
426 1981 522 2046 videri
553 1980 699 2044 sorduisse
729 1980 842 2042 iudioat
862 1975 926 2058 (⁰⁹).
968 1980 1105 2062 Seriphon
1132 1965 1270 2044 Pollione

223 2082 362 2160 inferior,
388 2083 442 2146 sed
463 2084 597 2147 oratoria
617 2081 706 2144 laude
727 2101 784 2164 per
800 2083 845 2145 Μ.
868 2081 988 2146 Geelins
1009 2083 1118 2159 Rufus,
1147 2083 1271 2162 elegans

223 2183 357 2266 alioquin
384 2192 413 2247 et
439 2185 568 2259 lnootus,
600 2183 680 2264 qnod
708 2182 863 2245 ostendunt
888 2183 1033 2265 epistolae
1058 2182 1271 2247 Ciceroniana-

222 2303 288 2348 rum
309 2285 456 2348 volumine
477 2286 719 2366 comprehensae,
746 2284 785 2346 ad
810 2283 888 2346 idem
909 2285 1009 2347 vitium
1029 2285 1194 2347 inclinabat
1208 2281 1270 2365 (⁷⁰).

224 2386 349 2448 Omnino
370 2384 491 2448 nitidum
513 2392 541 2448 et
561 2379 685 2465 politum
699 2384 850 2448 Ciceronis
867 2403 1030 2447 sermonem
1044 2401 1129 2448 nemo
1150 2395 1271 2468 praeter

224 2485 259 2550 (1.
283 2486 443 2550 Gaesarem
471 2487 601 2568 quamvis
635 2485 840 2548 diversissimis
870 2488 1009 2548 intentum
1037 2493 1082 2548 est
1109 2495 1270 2550 essecutus.

223 2587 386 2650 Praeterea
415 2587 546 2649 homines
578 2588 609 2649 in
637 2587 760 2650 diceudo
795 2589 888 2650 minus
920 2595 1057 2652 versatos
1087 2606 1108 2650 a
1137 2588 1271 2652 litonisve

224 2686 338 2750 alienos
360 2687 421 2751 alio
438 2705 548 2767 genere
567 2689 707 2770 loquendi
728 2689 821 2753 vuinus
843 2689 921 2751 onlto
941 2707 1011 2751 usos
1027 2706 1093 2752 esse
1115 2697 1145 2752 et
1162 2707 1218 2772 per
1237 2705 1271 2750 se

224 2787 305 2850 erodi
331 2796 428 2870 potest
455 2796 484 2852 et
511 2789 665 2852 ostendunt
686 2791 820 2872 Pompeii
840 2791 948 2870 Mngni
972 2789 1118 2871 epistolae
1143 2807 1272 2872 corpore

222 2887 481 2952 dioeroniauaruu
499 2893 742 2973 conprehensam
768 2892 842 2954 nihil
856 2893 904 2955 his
919 2891 1072 2967 intentius,
1093 2889 1169 2952 nihil
1189 2891 1272 2952 illius

221 2989 280 3054 viri
298 3007 443 3073 persona,
472 2993 590 3075 qualem
613 3001 708 3058 mento
732 2993 846 3074 lingere
870 2993 1013 3069 solemus,
1041 2991 1192 3074 indignius
1205 2987 1270 3072 (Π)

698 3159 725 3243 p.
748 3163 800 3225 se.

540 3273 628 3332 Plure
645 3291 748 3346 genere
764 3275 948 3345 eloquentiae.

305 3397 500 3481 Eloquentia,
527 3413 603 3479 queo
629 3397 807 3462 Graecorum
834 3400 959 3461 maximo
985 3397 1178 3460 Athenienses
1207 3396 1272 3458 eul-

221 3505 302 3564 toren
325 3508 354 3564 et
368 3499 493 3564 Atticam
511 3498 608 3562 sedem
623 3507 791 3582 repererat,
809 3500 947 3562 libertate
963 3499 1109 3564 Graeeiae
1131 3499 1270 3562 altleoe-

187 3617 189 3622 ·
220 3599 346 3664 donibus
368 3602 509 3665 subverse
530 3619 568 3664 ex
583 3602 709 3666 Piraeeo
729 3602 815 3684 qnasi
829 3603 999 3680 enavigavit
1022 3609 1050 3661 et
1071 3601 1103 3662 in
1118 3601 1218 3662 Asiam
1242 3604 1272 3657 et

220 3699 335 3763 insulas
352 3709 520 3766 transveota
535 3710 587 3766 est.
619 3703 674 3766 llio
696 3721 759 3766 oum
773 3702 975 3768 diversissima
993 3703 1031 3764 ah
1044 3697 1271 3764 Atheniensibus

292 3879 339 3950 on)
356 3877 627 3952 otc.orat.s1,1vo.
716 3883 762 3952 oe)
780 3883 937 3944 euoenon
952 3885 975 3952 1,
989 3883 1046 3940 113.
1133 3881 1179 3949 oo)
1193 3875 1270 3934 oven.

224 3964 259 4021 de
278 3981 318 4020 or.
338 3965 379 4020 11.
466 3968 511 4037 70)
530 3969 587 4024 (lic.
604 3968 684 4025 Brut.
703 3969 751 4038 79,
769 3971 844 4036 273„
868 3970 912 4029 eui
932 3969 1007 4024 leudi
1024 3984 1136 4044 oppone
1155 3963 1272 4024 Quintil.

222 4047 257 4106 X.
276 4049 304 4117 1,
325 4050 382 4104 115.
417 4051 463 4107 De
488 4054 650 4124 antiquariis
674 4057 836 4112 senteutiam
854 4055 929 4110 Livii
952 4054 1019 4110 vide
1041 4052 1116 4124 apud
1135 4051 1272 4105 Senecam

222 4131 317 4190 Contu.
334 4133 382 4192 lv,
397 4135 440 4190 15.
460 4153 486 4208 p.
499 4137 553 4192 uel
564 4137 645 4210 etp„
662 4140 778 4214 Augusti
793 4141 866 4212 apud
883 4141 959 4196 Suet.
979 4139 1039 4207 86„
1058 4137 1220 4198 Quintiliani
1238 4132 1273 4189 11.

221 4216 254 4286 ὓ,
271 4217 314 4276 dl.
404 4219 449 4289 71)
467 4219 543 4276 Haeo
560 4221 630 4278 inusto
647 4224 737 4280 lenius
751 4226 853 4282 iudicet
868 4243 920 4282 sev.
937 4226 1004 4283 dial.
1024 4226 1060 4280 de
1077 4231 1158 4280 orett.
1175 4220 1220 4277 37.
