2660 4776
388 403 585 474 BRUTUS
614 404 705 476 GAP.
727 407 758 476 0.
1015 412 1100 488 161

68 588 148 656 quen
169 570 357 638 sulcatione
375 571 483 660 ulique
499 585 553 645 eut
567 574 788 644 observatione
805 574 908 644 lebet.
950 576 1003 648 ot.
1024 577 1099 668 Ipso

66 691 137 754 enin
161 698 273 756 nature
301 691 586 781 circumscriptione
615 693 749 782 quadem
770 694 936 768 verborum
956 715 1098 784 compre-

64 805 157 874 lendit
176 806 392 896 concluditque
414 813 613 880 sententiam:
637 833 716 900 quoe
738 831 808 882 com
833 815 913 902 sptis
928 819 1099 885 constricte

63 922 155 990 uerbis
186 934 248 1004 est,
284 928 369 996 cedit
400 931 494 998 etiam
525 930 705 1018 plerumque
736 952 913 1004 numerose.
964 952 1038 1002 nom
1066 942 1097 1000 et

22 1039 23 1080 ἒ
62 1061 143 1108 aures
163 1043 253 1130 ipsse
276 1046 350 1131 quid
371 1045 494 1134 plenum
516 1049 590 1136 quid
611 1052 706 1119 inane
729 1051 770 1118 sit
790 1050 949 1129 iudicent,
978 1060 1009 1117 ct
1031 1052 1096 1138 spi-

61 1161 111 1226 ritu
134 1163 225 1247 quasi
245 1167 436 1236 necessitato
461 1167 570 1253 ullqua
589 1167 756 1236 verborum
773 1167 1009 1256 comprehensio
1032 1178 1096 1236 ter-

59 1281 192 1348 minatur:
226 1282 260 1348 in
292 1302 353 1369 quo
379 1303 443 1352 non
472 1285 565 1356 modo
595 1285 702 1366 deici,
735 1285 793 1354 sed
821 1289 916 1356 etiem
946 1285 1094 1356 luborerc

57 1405 131 1484 turpe
151 1407 208 1466 est.

127 1513 183 1582 lx.
217 1513 271 1582 35.
295 1514 376 1584 Turn
407 1518 465 1586 fuit
489 1516 624 1605 Lysias,
657 1522 726 1608 ipsc
760 1521 886 1608 quidem
917 1522 952 1590 in
982 1522 1092 1590 causis

20 1661 21 1704 3
56 1631 223 1702 forensibus
256 1654 321 1702 non
351 1646 513 1717 uersutus,
547 1639 605 1711 sed
637 1639 766 1728 egregio
799 1639 924 1708 subtilis
960 1641 1094 1727 scriptor

55 1760 135 1838 atque
168 1752 318 1838 elegans,
340 1775 443 1856 ‘quem
474 1758 538 1826 iarn
567 1763 666 1846 'prope
691 1757 811 1826 oudeas
840 1766 996 1826 oratorem
1020 1777 1094 1844 pcr-

54 1869 154 1936 lectum
176 1871 295 1940 dicere.
336 1892 410 1940 narn
429 1873 523 1961 plene
540 1875 664 1960 quidem
680 1874 851 1962 perfectum
872 1883 903 1942 ct
917 1876 992 1961 quoi
1011 1873 1091 1942 nihil

54 1987 207 2058 admodum
236 1989 318 2058 desit
338 1987 579 2059 Demosthenem
602 1991 698 2058 facile
721 1992 849 2080 dixeris.
891 1989 977 2058 Nihil
999 2000 1090 2058 acute

52 2106 174 2176 inveniri
194 2110 294 2194 potuit
314 2109 348 2176 in
370 2110 418 2176 eis
440 2111 569 2185 causis,
598 2128 677 2195 qnos
700 2110 842 2194 scripsit,
871 2106 964 2188 nihil,
991 2117 1024 2174 ut
1045 2110 1091 2174 ite

51 2223 157 2304 dicem,
180 2223 328 2305 subdolo,
351 2225 430 2294 nihil
448 2236 588 2306 versute,
610 2225 694 2313 quod
711 2225 766 2294 ille
782 2243 846 2294 non
859 2225 989 2306 uiderit3
1010 2224 1090 2292 nihil

51 2342 197 2412 subu'litcr
229 2342 308 2424 dici,
344 2345 423 2418 nihil
452 2365 577 2432 presse,
613 2343 693 2412 nihil
719 2343 899 2423 enucleate,
932 2364 994 2431 quo
1020 2343 1089 2410 ieri

49 2463 282 2565 possitouliquid
303 2461 458 2544 limatius3
483 2463 562 2532 nihil
586 2473 696 2533 contra
716 2463 853 2549 mande,
874 2461 953 2530 nihil
975 2465 1090 2530 incite-

48 2587 116 2659 tun,
142 2581 387 2690 nihil-ornatum
408 2581 461 2650 uel
480 2582 646 2652 vcrhorurn
667 2584 822 2668 gravitate
844 2581 895 2650 vel
918 2583 1089 2652 senteutia-

47 2714 119 2777 ron,
152 2719 216 2787 quo
246 2703 411 2787 qucquam
438 2710 524 2769 esset
550 2700 674 2768 elatius.
723 2701 776 2768 36.
803 2699 885 2768 lloic
911 2698 1087 2787 Hyperides

47 2894 107 2934 rum
125 2887 230 2936 tamen
242 2911 278 2923 -
289 2879 390 2952 fiebat]
408 2883 449 2936 sic
467 2881 509 2936 ed.
524 2899 566 2952 pr.
586 2889 614 2935 et
628 2881 709 2935 codd.
728 2881 866 2951 plerique,
883 2878 933 2932 sed
951 2877 979 2931 hl
996 2894 1105 2950 quam,

46 2967 155 3033 omisso,
169 2967 245 3038 quod
258 2967 319 3020 sols
332 2966 374 3020 ed.
384 2965 512 3034 princeps
524 2964 623 3028 heheu
639 2979 811 3034 corioquam
824 2977 968 3031 mortuumq.
981 2961 1033 3033 lag.
1043 2961 1088 3018 08.

47 3064 206 3120 remmono„
234 3049 317 3104 houd
338 3053 457 3104 ratione
479 3049 581 3118 aliqua
604 3055 660 3103 aot
677 3047 740 3102 olla
762 3045 872 3106 chroro.
893 3044 1086 3108 mundusne.

47 3134 204 3209 Nunquam
221 3139 275 3190 aot
292 3133 362 3192 coni.
381 3133 484 3201 Peter,
504 3133 573 3192 duro
592 3133 735 3206 asyndeto.

105 3247 151 3302 34.
189 3245 364 3312 constricta]
388 3243 558 3298 constructd
580 3243 631 3315 Lg.
650 3243 693 3299 20.
719 3241 791 3297 Ven.
811 3241 835 3298 l.
872 3237 971 3297 Oratio
989 3239 1087 3294 dicitur

46 3336 155 3385 structa
172 3330 191 3384 1.
211 3346 235 3383 s.
253 3345 397 3383 numerose
414 3330 581 3402 composite,
601 3329 652 3384 scd
666 3345 718 3382 nec
736 3334 906 3383 constructa
923 3343 975 3381 nec
992 3325 1086 3380 addito
1156 3390 1163 3402 Ι

18 3415 143 3474 smerdis.
183 3417 412 3487 circomscntpto
429 3413 480 3468 Gn.
501 3413 523 3470 l.
544 3443 576 3455 -·
604 3411 704 3484 defici]
724 3413 848 3482 deficere
863 3413 907 3467 ed,
924 3429 968 3482 pr.

107 3542 157 3596 lx.
192 3539 235 3596 35.
266 3542 378 3618 prope]
406 3557 458 3596 orn.
484 3540 535 3614 Lg.
553 3542 596 3596 70.
613 3570 648 3580 -
679 3545 710 3594 et
734 3541 808 3608 quot
830 3535 909 3594 multi
929 3535 1020 3604 desit]
1046 3533 1087 3592 slc

44 3625 164 3682 distincte
187 3625 236 3696 Lg.
252 3627 294 3680 35.
313 3627 354 3680 58.
374 3626 415 3682 70.
440 3625 537 3680 eodem
559 3625 630 3680 redit
650 3629 679 3676 et
696 3639 752 3692 poto
770 3621 798 3676 ln
816 3621 841 3675 8.
859 3621 901 3678 30.
921 3622 963 3676 51.
984 3621 1024 3676 56.
1041 3621 1085 3676 68.

44 3708 100 3764 Hoc
121 3727 177 3766 non
194 3711 377 3782 intelligentes
397 3720 577 3768 correxerunt
595 3713 627 3764 io
645 3724 718 3781 quo,
742 3716 771 3762 ut
791 3703 978 3775 Omnibonus,
1005 3723 1085 3778 qoem

43 3798 161 3865 sequitur
179 3795 355 3861 Schuetnius3
380 3814 414 3850 ex
437 3796 581 3850 conitrncta
597 3802 712 3862 utroque
730 3793 865 3864 scriptura
880 3791 958 3860 fluuit
982 3797 1032 3847 cui
1053 3795 1084 3868 tm

45 3896 100 3948 quo
123 3881 198 3952 apud
219 3881 284 3936 Par.
303 3881 340 3934 Ι).
359 3881 409 3935 Gn.
429 3881 466 3946 1.,
492 3897 554 3933 nam
577 3878 613 3932 de
637 3878 691 3933 hoc
715 3877 785 3932 falsa
809 3879 899 3932 retulit
917 3875 1083 3930 Schoctnins.

46 3962 172 4030 Quotus,
191 3969 264 4037 quot
280 3967 399 4020 tenenda
412 3964 598 4019 addicentibus
613 3961 693 4020 bonis
706 3963 796 4027 libris3
815 3979 850 4015 ss
864 3962 935 4017 enim
953 3977 1007 4013 uno
1019 3973 1084 4032 pum

42 4053 138 4115 ocios,
163 4055 213 4107 cot
231 4053 259 4108 in
278 4069 327 4104 usn
345 4050 470 4116 suerunt,
494 4058 524 4106 nt
541 4067 631 4120 poom
648 4053 674 4103 o
694 4065 770 4104 com.
786 4075 822 4088 -
846 4044 1017 4116 quicquam]
1044 4039 1090 4100 sic,

43 4136 93 4188 mei
116 4153 211 4192 omnen
232 4143 344 4206 prester
366 4136 436 4190 Ven.
452 4136 478 4190 1.
502 4134 565 4190 Vet.
593 4132 645 4191 Gu.
665 4135 702 4199 l.;
726 4150 754 4192 v.
773 4131 804 4186 G.
823 4129 869 4186 Cr.
893 4127 974 4188 inde
991 4124 1082 4200 Onl.
1145 4123 1148 4134 '

44 4216 73 4284 8,
88 4217 130 4277 30.
145 4247 182 4268 u-
205 4221 324 4290 ndatius]
341 4220 452 4277 clarinto
468 4219 522 4278 Gu.
541 4219 580 4288 1.,
597 4225 688 4280 ortum
705 4235 741 4282 ex
757 4215 860 4288 scripto
876 4214 997 4276 elacior.
