2640 4780
324 347 789 474 oppressissem,
987 393 1081 466 aar

42 561 110 628 nibil
139 567 266 650 praeter
290 563 445 630 actionem
472 561 545 643 iuit,
578 572 684 632 cetera
713 563 807 631 etiam
835 561 959 630 minora
985 579 1079 650 quam

42 682 69 744 in
88 682 257 766 superiore.

115 793 242 864 LXVII.
272 797 345 865 2³6.
370 796 416 865 M.
437 797 512 866 Piso
535 799 682 887 quicquid
702 797 810 866 babuit
839 795 948 866 babuit
969 815 1008 864 ox
1029 795 1078 864 di-

41 914 165 1001 sciplina
180 933 384 1002 maxumeque
399 935 440 984 ex
457 915 617 997 omnibus,
634 919 776 1005 quiante
792 917 924 994 luerunt,
943 913 1078 982 Graccis

41 1033 180 1100 doctrinis
211 1032 349 1100 eruditus
375 1033 442 1100 luit.
485 1033 594 1102 babuit
620 1055 641 1104 a
663 1045 776 1102 natura
796 1054 897 1121 genus
919 1033 1077 1122 quoddam

41 1142 199 1230 acuminis,
228 1151 311 1238 quod
338 1152 433 1218 etiam
462 1161 530 1218 arte
555 1153 738 1233 limaverat,
766 1153 849 1242 quod
876 1161 943 1220 erat
970 1153 1004 1218 iu
1024 1169 1077 1218 ro·

40 1267 259 1354 prehendendis
278 1269 385 1336 verbis
411 1277 569 1338 versutum
600 1279 631 1337 et
651 1270 782 1351 sollcrs,
810 1271 986 1358 sedsaepe
1010 1278 1076 1336 sto-

40 1386 211 1454 macbosum
231 1405 450 1476 nonuunquam
470 1389 619 1474 trigidum
640 1389 793 1458 interdum
814 1390 909 1456 etiam
930 1387 1076 1454 facetum.

39 1507 62 1568 is
78 1505 218 1574 laborem
240 1507 330 1592 quasi
353 1525 477 1574 cursum
497 1507 656 1576 forensem
671 1508 785 1574 diutius
801 1526 865 1574 non
882 1505 968 1582 tulit,
992 1502 1076 1590 quod

39 1630 64 1687 et
88 1643 218 1712 corpore
239 1633 307 1690 erat
327 1623 447 1692 infirmo
469 1633 500 1692 et
519 1625 678 1694 bominum
705 1627 839 1713 ineptias
859 1643 898 1692 ac
917 1623 1075 1700 stultitias,

39 1759 108 1824 quae
135 1741 338 1808 devorandae
364 1741 458 1810 nobis
484 1753 568 1826 sunt,
596 1763 658 1811 nou
680 1742 803 1810 ferebat
832 1741 1075 1824 iraomdiusque

38 1859 197 1945 respuebat
211 1861 278 1927 sive
294 1879 434 1938 morose,
454 1871 486 1927 ut
504 1861 686 1949 putabatur,
709 1863 776 1928 sive
799 1862 935 1946 ingenuo
955 1857 1075 1924 libero-

38 1995 88 2059 que
114 1977 254 2046 iastidio.
298 1975 330 2044 ls
357 1997 427 2044 cum
455 1980 534 2044 satis
559 1978 719 2046 floruisset
745 1977 948 2055 adolescens,
974 1977 1077 2042 minor

37 2090 136 2162 haberi
169 2105 220 2163 est
251 2105 379 2182 coeptus
403 2104 523 2183 postea.
573 2095 688 2164 deiude
715 2114 754 2162 ex
778 2095 933 2179 virginum
957 2091 1075 2158 iudicio

37 2231 173 2297 nagnam
202 2213 328 2280 laudem
357 2222 406 2280 cst
428 2213 557 2302 adeptus
579 2223 671 2283 etex
694 2231 733 2281 eo
753 2223 891 2300 tempore
910 2210 1002 2296 quasi
1023 2227 1076 2274 re-

36 2341 155 2400 vocatus
188 2333 222 2398 in
253 2349 378 2398 cursum
407 2334 505 2400 tenuit
535 2332 640 2401 locum
670 2341 734 2400 tam
753 2331 834 2412 diu,
866 2347 960 2418 pann
989 2326 1074 2396 terre

90 2531 136 2576 235·
163 2530 470 2586 Lentulu51Cu.Lentulus.

36 2702 125 2756 ceteris
143 2701 279 2756 medicina
293 2703 366 2770 (nam
385 2717 420 2754 ex
436 2705 469 2755 ia
481 2701 604 2757 modum
618 2702 700 2758 facile
715 2699 779 2757 lieri
797 2701 886 2773 potuit
903 2697 1074 2766 inridendo)

37 2791 58 2836 et
73 2789 209 2841 sententia
229 2785 373 2855 probabili.
410 2786 469 2838 Sed
485 2787 585 2856 ἐπέχω.

92 2913 155 2968 235.
191 2909 344 2976 Lentulus]
371 2908 421 2962 Ga.
442 2911 524 2980 vulgo
550 2909 669 2963 additum
691 2925 743 2963 om.
765 2907 817 2980 Ing.
834 2923 943 2973 omnes,
968 2906 1020 2960 Gu.
1040 2907 1075 2972 1.‚

36 2993 132 3050 addidit
154 2994 319 3058 Lambinus,
346 3009 425 3061 quem
447 3010 503 3048 nou
526 3011 643 3063 sequor,
669 2993 733 3062 quia
755 2993 791 3046 de
814 2991 868 3045 boc
887 2991 935 3046 Gn.
953 2990 1074 3044 Lentulo

36 3081 91 3134 satis
107 3081 273 3150 disputatum
291 3086 347 3144 est,
366 3085 395 3132 ut
410 3095 469 3132 cum
480 3077 529 3145 P.‚
547 3079 593 3148 qui
611 3078 739 3149 deinceps
754 3083 992 3150 commemoratur,
1010 3092 1074 3128 cou-

36 3161 177 3218 londinum
195 3164 290 3236 possit.
310 3194 342 3206 -
368 3169 451 3218 uocis
470 3165 512 3232 et]
530 3170 559 3218 et
577 3181 629 3219 om.
648 3164 692 3220 ed.
707 3181 749 3236 pr.
764 3193 800 3205 -
824 3165 867 3216 otc
886 3164 918 3214 ia
936 3159 1003 3228 boc]
1022 3159 1075 3214 sed

36 3250 60 3302 io
75 3249 132 3307 boc
152 3248 253 3316 Orell.;
271 3249 322 3304 sed
339 3250 509 3304 concluditur
527 3250 563 3305 de
578 3267 682 3304 summa
699 3267 734 3304 cx
750 3246 988 3320 praecedentibus.
1086 3256 1088 3259 ’

95 3377 210 3432 LXVll.
244 3377 304 3432 236.
338 3377 549 3448 macmmepue]
575 3377 614 3431 sic
638 3375 689 3448 Lg.
712 3378 738 3432 8.
766 3377 808 3432 51.
836 3375 878 3430 53.
902 3373 944 3429 58.
962 3372 1011 3442 ps,
1033 3371 1074 3425 to.

36 3456 117 3516 Paulo
145 3472 209 3516 ante
234 3463 347 3518 alterum
372 3461 476 3518 babuit
499 3480 551 3517 om.
571 3462 622 3516 Gru.
643 3465 719 3517 1.-
742 3460 895 3515 interdum
919 3462 1012 3511 etiam
1027 3456 1075 3526 fa-

37 3549 137 3615 cecum]
162 3546 294 3616 Meyerus
320 3555 471 3602 versutum
495 3556 524 3602 ct
548 3547 653 3600 sollers
679 3548 708 3599 in
733 3545 842 3598 laudem
866 3543 992 3608 trabeas,
1017 3548 1076 3596 sto-

36 3629 203 3687 machosum
228 3640 257 3686 ed
282 3631 430 3704 scipiadum
456 3633 483 3686 in
508 3631 755 3702 vituperationem,
781 3647 817 3684 ne
843 3643 948 3684 rursum
974 3627 1077 3697 aliquid

37 3709 165 3770 laudabile
185 3717 333 3785 inseratur,
354 3727 400 3772 aut
417 3717 565 3787 inficetum
580 3715 664 3769 scribi
681 3715 756 3770 iubet
773 3723 821 3770 aut
836 3715 1075 3786 transpositione:

38 3801 143 3855 lentari:
171 3803 320 3856 interdum
336 3832 372 3844 ·-
389 3801 541 3872 facetum,
563 3799 617 3854 saal
635 3818 724 3874 saepe
743 3800 979 3863 stomachosum,
1003 3815 1075 3852 aoru-

39 3895 183 3955 tttmpuum
195 3885 352 3959 scipiadum.
376 3887 462 3941 Recte
478 3887 542 3940 dicit
554 3885 719 3956 Bernhardy
733 3887 800 3940 illud
812 3887 962 3940 orationem
976 3883 1076 3935 frustra
1099 3951 1106 3958 .

40 3963 159 4038 dilatare,
184 3974 312 4042 quoniam
335 3990 420 4044 genus
444 3971 568 4043 frigidum
592 3972 664 4025 idem
690 3969 828 4025 inficetum
852 3971 895 4022 sit.
939 3965 1075 4019 Vercellae

42 4060 121 4108 erotem
143 4057 192 4110 illa
215 4067 242 4112 et
266 4057 416 4122 sollertia,
442 4073 513 4128 quoae
532 4056 639 4125 quidem
661 4056 807 4126 perspicax
828 4061 870 4108 est
892 4053 919 4104 in
941 4050 1076 4120 agitandis

41 4132 162 4210 ridiculis,
189 4142 331 4212 plurimum
353 4152 400 4196 aut
422 4141 595 4196 stomachosa
612 4149 652 4196 est
676 4149 722 4194 aut
739 4139 851 4210 frigida,
871 4136 920 4190 sed
940 4133 1077 4189 interdum

43 4220 114 4278 ettam
131 4225 220 4283 facete
238 4227 301 4283 dicti
319 4235 413 4282 mater.
429 4258 463 4269 —
488 4228 618 4296 morose]
634 4243 754 4282 moroso
771 4223 916 4289 Lambe-
936 4221 1077 4292 lupence}
