2660 4776
262 361 329 498 sss
421 419 569 490 anavus
591 417 890 502 nuoounurmn
911 415 1014 486 aon.
1037 415 1145 488 urse.

263 595 385 682 publiea
408 596 457 656 Ga.
480 591 643 654 notabetlce
662 591 698 656 L.
720 591 753 656 F.
776 591 845 668 luit,
875 610 960 674 quem
980 591 1198 672 repetundarum
1215 607 1288 654 reum

263 707 365 762 cenna
383 697 417 762 G.
436 695 595 760 Gaesarem
617 693 834 756 adolescentem
855 693 1000 768 delendit;
1022 695 1048 755 is
1071 711 1135 756 curn
1155 693 1288 755 absolutus

262 806 352 873 esset,
379 805 463 862 actor
484 813 566 859 reum
592 796 712 876 patroni
733 797 933 876 praepotentis
954 795 986 858 ui
1010 795 1068 856 sibi
1089 795 1163 875 eripi
1183 803 1288 874 questus

262 907 306 962 est
323 896 383 979 (⁹).
416 901 492 962 Acta
513 913 604 959 cansa
626 915 654 958 a.
673 898 749 971 6763
772 897 819 958 eui
841 899 912 978 qnia
928 897 1033 960 Cicero
1056 895 1184 974 adiungit
1198 895 1290 958 Guttae

259 1021 313 1080 pro
339 1005 385 1062 M.
409 1000 542 1060 casarea
570 995 752 1074 dictionem
771 1015 829 1060 non
854 999 964 1060 iuiuda
993 997 1102 1060 eisdem
1128 997 1290 1076 temporibus

261 1103 444 1180 assignatur:
468 1117 635 1181 quanquam
656 1116 705 1160 res
725 1106 790 1160 tota
810 1101 924 1162 incerta
945 1106 998 1162 est
1034 1099 1129 1178 Quam
1149 1096 1228 1160 (latta
1245 1117 1290 1174 pro

260 1222 291 1262 se
312 1203 372 1277 lopo
395 1204 486 1260 Varia
511 1199 671 1280 putabatur
696 1201 836 1262 babuisse
857 1201 1035 1276 orationem,
1062 1217 1127 1261 eam
1146 1199 1178 1261 L.
1199 1197 1292 1261 Aelius

261 1301 338 1366 Stilo
362 1300 467 1366 Getae
488 1308 598 1379 rogatu
615 1301 776 1382 scripserat
786 1297 851 1382 (¹⁰).
883 1303 1053 1365 Orationem
1069 1298 1170 1362 Guttae
1184 1299 1214 1360 in
1229 1315 1293 1360 con·

261 1403 360 1466 solata
377 1402 538 1466 Sallustius
561 1401 718 1464 secundum
733 1403 863 1484 aliquam
882 1403 946 1466 ueri
968 1401 1161 1464 similitudinis
1178 1400 1294 1482 speciem
1319 1405 1320 1456 ἶ

260 1503 343 1566 tinnit
359 1499 425 1584 (¹¹).
468 1503 527 1566 Sed
552 1503 632 1584 qnod
654 1503 806 1566 Charisius
830 1504 929 1581 affert,
954 1503 1293 1580 conspiramenta
1319 1501 1320 1520 .

259 1606 339 1668 libro
362 1606 456 1687 princ
470 1599 543 1683 (12),Ι
560 1604 766 1683 corrigendum
791 1600 986 1685 Vetusto(¹³)3
1009 1603 1061 1666 sed
1083 1600 1228 1664 admodum
1246 1599 1293 1660 dn·
1319 1603 1320 1630 ³

259 1707 323 1769 bito
349 1725 388 1768 an
410 1705 458 1768 bie
479 1703 566 1768 Cotta
593 1703 677 1766 illam
699 1718 818 1768 cansam
839 1705 955 1767 dixerit.
998 1705 1104 1767 Exstat
1124 1703 1195 1764 enim
1216 1701 1294 1765 Cice·
1319 1775 1320 1784 ἦ

259 1809 342 1870 renis
378 1807 573 1868 testimonium
602 1805 701 1869 uerbis
733 1807 880 1868 accuratis
910 1805 1059 1886 prolatum
1096 1805 1175 1866 nibil.
1202 1799 1320 1884 scriptil

259 1907 417 1989 reliquisse
440 1906 555 1970 Guttam
573 1901 636 1986 (¹⁴¹).

342 2008 467 2071 Doctior
483 2007 570 2072 Gutta
586 2008 738 2091 plerisque
754 2007 924 2089 aequalium
939 2007 1054 2071 uidetur
1070 2005 1170 2068 fuisse.
1199 2003 1297 2067 Cicero

259 2110 336 2172 enim
362 2117 391 2172 et
420 2111 563 2172 sermonis
593 2109 629 2173 de
656 2117 776 2172 oratore
803 2110 902 2190 capita
931 2125 997 2170 sese
1025 2107 1062 2168 ab
1089 2124 1126 2168 eo
1157 2106 1298 2186 accepisse

258 2211 343 2289 fingit
364 2217 392 2271 et
409 2211 576 2274 Stoicorum
599 2217 627 2271 et
644 2208 856 2290 Epicureorum
878 2209 1028 2272 doetrinae
1051 2207 1086 2270 de
1106 2215 1214 2269 natura
1235 2206 1298 2267 deo·

173 2365 175 2369 ,
259 2328 324 2372 rum
351 2309 535 2372 refellendae
555 2311 737 2390 prouinciam
759 2311 787 2372 ei
806 2311 922 2373 tribuit:
951 2327 1029 2391 quae
1054 2326 1103 2370 res
1131 2309 1187 2370 etsi
1211 2307 1298 2369 neuti-

260 2427 348 2490 quam
375 2411 503 2490 probant
525 2395 650 2473 artificia
676 2413 808 2474 oratorio
837 2412 1026 2474 cultissimum
1052 2418 1082 2472 et
1099 2409 1299 2490 philosophiae

261 2508 358 2572 studio
392 2509 518 2570 deditum
544 2509 652 2586 fuisse,
687 2518 784 2572 tarnem
821 2529 884 2573 oum
913 2511 1016 2592 aliqua
1039 2504 1178 2574 'ueritatis
1210 2508 1300 2590 specie

259 2609 345 2672 lictae
373 2611 431 2672 sint
457 2618 582 2690 oportet.
622 2611 661 2672 Et
688 2629 773 2686 sane,
801 2613 828 2672 si
856 2611 925 2692 quid
954 2612 1059 2674 Cicero
1087 2609 1125 2672 de
1152 2611 1217 2672 eius
1245 2616 1301 2670 arte

261 2709 377 2773 dicendi
408 2709 517 2772 iudicet
549 2709 800 2786 consideraveris,
836 2729 906 2772 eam·
932 2712 1066 2786 laudem,
1105 2725 1302 2790 quamcunque

258 2811 362 2874 babuit
382 2829 440 2874 non
461 2829 533 2874 sane
555 2811 807 2887 contemnendam,
835 2811 932 2874 studio
956 2813 1054 2893 potius
1076 2832 1165 2894 qnam
1184 2821 1303 2875 naturae

258 2911 395 2974 debuisse
409 2911 570 2986 uidebitur3
594 2912 673 2992 quod
689 2911 814 2974 studium
829 2913 981 2974 literarum
996 2913 1086 2992 plane
1103 2932 1214 2997 expers
1231 2911 1303 2976 credi

258 3028 318 3074 nen
343 3019 449 3094 potest.
491 3013 570 3076 luter
598 3013 739 3093 aequales
767 3014 843 3077 enim
865 3014 952 3076 Getta
973 3013 1107 3094 Sulpicio
1133 3023 1165 3077 et
1186 3012 1303 3078 Caesari

258 3131 315 3194 par
336 3113 454 3175 babitus
476 3115 536 3188 est3
563 3111 614 3174 sed
636 3114 773 3195 princeps
794 3123 998 3196 patronorum,
1020 3123 1180 3196 postquam
1204 3113 1305 3176 exstidt

229 3219 230 3226 ’
258 3213 449 3288 Hortensius,
471 3213 634 3275 existimari
655 3213 768 3279 desiuit.
803 3217 897 3278 Acuta
918 3217 1100 3294 inueniebat,
1121 3217 1305 3298 partiebatur

259 3321 346 3394 apte,
374 3313 506 3375 limatum
530 3321 560 3375 et
581 3315 703 3394 elegans
728 3315 843 3378 dicendi
869 3334 962 3396 genus
986 3319 1235 3380 consectabatur:
1263 3310 1304 3376 sed

260 3420 289 3474 et
309 3411 476 3477 infirmitate
492 3415 574 3478 uocis
595 3416 779 3499 laterumque
801 3423 830 3480 et
850 3426 957 3481 natura
973 3418 1130 3498 magis‘ad
1146 3416 1304 3480 docendum

259 3523 347 3594 quarn
378 3513 417 3576 ad
445 3517 617 3580 mouendum
647 3518 728 3582 laeta
760 3519 799 3581 ab
828 3521 907 3582 omni
941 3503 1127 3582 contentione
1162 3519 1305 3582 abstinere

259 3621 378 3676 coaetus
406 3615 534 3696 plurima
561 3619 678 3700 quidem
700 3619 856 3702 perspicae
884 3629 913 3684 et
938 3621 1064 3684 iucunde
1091 3620 1236 3694 dicebat,
1265 3611 1305 3676 sel

257 3714 333 3776 nibil
358 3718 502 3796 grauiter,
532 3721 607 3784 nibil
632 3723 831 3799 uehementer,
859 3723 933 3786 nibil
954 3721 993 3784 ad
1014 3723 1245 3785 miserationem
1266 3733 1306 3778 cr·

326 3894 355 3964 9)
373 3914 399 3964 y.
414 3895 494 3968 Pigb.
511 3898 558 3954 lll.
579 3918 606 3972 p.
620 3899 679 3955 280.
715 3901 783 3957 Erat
801 3905 871 3958 enirn
890 3903 958 3958 alius
975 3902 1126 3958 Dolabella
1142 3896 1306 3974 praetorius,

257 3997 336 4051 quem
346 3980 466 4038 Scaurus
479 3985 641 4060 adolescens
653 3987 807 4054 damnavit;
825 3988 887 4042 huic
901 3989 966 4044 alirn
974 3987 1077 4042 Verres
1091 3980 1144 4058 pro
1162 3989 1306 4058 quaestore

255 4065 354 4122 assa.
444 4063 487 4134 1⁰>
513 4067 569 4131 cto.
592 4066 671 4128 erus.
699 4073 745 4140 cc,
769 4069 829 4128 eos.
918 4073 961 4142 rr)
986 4091 1012 4144 p.
1036 4071 1094 4125 ns.
1120 4073 1169 4128 ea.
1190 4060 1312 4126 navata

257 4149 301 4291 ἐξ)
311 4147 455 4290 {gnita}
466 4167 493 4224 P·
503 4150 592 4215 1951'·
668 4155 712 4228 13)
724 4155 880 4216 Secundum
887 4157 1009 4216 Nonium
1019 4175 1045 4229 p.
1055 4155 1113 4213 tte.
1201 4153 1247 4220 lt)
1258 4146 1307 4202 Cic.

285 4251 308 4294 r.
362 4274 370 4304 ,
437 4277 444 4293 .
587 4252 590 4264 ·
782 4281 784 4292 .
