2646 4772
238 385 335 460 852
558 376 960 450 hxrhtotttohhs

241 561 275 634 l,
298 558 348 620 77.
376 553 416 617 ad
440 553 567 636 opimum
588 553 731 617 orationis
752 552 883 615 habitum
903 550 1097 628 transfertur,
1126 571 1204 634 quem
1221 553 1270 618 ille

238 657 377 722 Aeschini
391 656 504 732 tribuit,
525 673 612 736 quem
630 654 669 716 ad
688 653 803 718 modum
820 651 926 717 Cicero
942 655 993 717 0r.
1010 655 1045 730 8,
1061 654 1115 718 25.
1145 656 1268 718 hshhcis

238 759 406 823 oratoribus
434 762 557 836 opimam
581 763 607 814 et
635 755 749 834 adipale
777 771 870 834 genus
897 753 1026 829 dicendi;
1053 756 1162 836 quippe
1180 757 1270 820 serbis

237 867 372 924 ornatum
392 865 421 920 et
442 858 607 939 copiosum,
628 855 660 920 ri
680 856 888 917 sententiarum
904 855 1037 918 interius.

321 961 404 1022 hebo
421 968 516 1018 tameo
537 990 579 1000 -
594 956 747 1033 pendeant]
769 957 844 1018 haec
861 956 1035 1036 Bernhardy
1053 974 1119 1020 cum
1136 957 1165 1020 ri
1182 958 1272 1038 posita

238 1061 323 1138 dicit,
349 1068 380 1122 ut
401 1058 596 1122 admiratores
620 1055 729 1136 Lysiae
751 1056 903 1136 eidemque
925 1056 1047 1120 Catonis
1069 1065 1273 1139 contemptores

237 1168 422 1246 pungantur3
451 1157 504 1220 sed
534 1165 671 1239 suspecta
701 1156 847 1222 ridentur.
897 1158 1038 1220 Tenuiter
1069 1159 1147 1222 emim
1174 1160 1221 1222 hio
1244 1166 1274 1222 et

237 1263 360 1346 proprie
377 1261 510 1324 dicuntur
526 1259 636 1336 eadem,
654 1275 732 1338 quae
745 1257 836 1339 paulo
854 1267 921 1322 oute
939 1258 1161 1338 elegantissima
1174 1259 1272 1340 tyara.

321 1362 414 1428 XVII.
456 1361 507 1424 tib.
549 1365 665 1437 prucios
687 1362 718 1418 io
739 1357 891 1437 laedendo]
913 1361 998 1422 buius
1019 1360 1065 1422 rei
1086 1362 1273 1424 testimouium

238 1483 277 1528 ex
304 1463 440 1543 reliquiis
462 1461 582 1525 Catonis
608 1469 710 1542 petere
737 1479 797 1524 uon
816 1461 901 1535 licet,
928 1478 983 1524 nec
1010 1461 1075 1525 reri
1102 1462 1207 1524 similis
1227 1469 1272 1536 est

238 1581 304 1628 cum
329 1563 383 1625 ille
409 1579 464 1644 pro
492 1562 653 1626 acerbitate
682 1563 795 1642 ingenii
821 1562 936 1624 minime
959 1579 1124 1644 propensus
1146 1571 1222 1625 esset
1240 1563 1274 1624 ad

236 1663 432 1738 laudandum3
458 1663 501 1726 ite
527 1663 584 1725 hoc
610 1671 732 1744 propter
760 1664 938 1726 conmariom
962 1663 1037 1726 illud
1064 1663 1101 1727 de
1122 1665 1275 1726 acerbitate

236 1764 423 1848 vituperandi
454 1764 620 1844 appositum
650 1763 773 1827 uidetur.
824 1764 932 1828 Cetera
963 1772 1060 1826 autem
1094 1765 1126 1827 iu
1163 1765 1276 1829 Catonis

236 1865 354 1930 laudem
375 1865 454 1928 dicta
474 1865 535 1926 illis
556 1866 733 1947 scriptorum
752 1865 921 1947 particulis,
944 1883 1022 1946 quae
1044 1863 1141 1926 adhuc
1161 1873 1276 1941 exstant,

222 1967 452 2058 conmutantur.
846 2015 848 2020 .

321 2071 373 2132 66.
415 2068 545 2144 Philisto]
563 2068 682 2150 scripsit
691 2085 740 2129 res
751 2067 869 2131 Siculas
881 2075 909 2130 et
920 2074 1005 2146 gesta
1016 2067 1154 2148 Dionysii
1164 2070 1277 2132 maioris
1314 2125 1315 2148 ,

237 2178 267 2234 et
287 2169 418 2232 minoris.
449 2169 608 2248 Dionysius
628 2186 674 2250 ep.
700 2167 739 2230 ad
750 2169 921 2249 Pompeium
936 2185 961 2229 c.
976 2166 1007 2230 6.
1024 2169 1052 2230 ei
1067 2170 1171 2232 tribuit
1184 2173 1241 2235 rim
1254 2177 1278 2234 et
1314 2161 1315 2166 ’

237 2273 343 2336 densas
358 2271 548 2350 morsosque
559 2270 732 2332 sententias:
748 2263 785 2332 τὸ
800 2261 1000 2354 στρογγύλον
1018 2263 1074 2332 καὶ
1085 2269 1214 2334 πυκνὸν
1229 2267 1278 2335 uui

238 2364 368 2438 εὔτονον
396 2365 453 2434 καὶ
478 2362 670 2451 &cybaeam
698 2369 821 2432 eximias
848 2369 911 2430 eius
937 2368 1041 2432 laudes
1061 2371 1154 2433 hahet
1179 2371 1278 2436 Gieerc
1313 2409 1314 2428 2

237 2472 277 2535 ad
292 2471 390 2550 er.
407 2471 444 2534 ll.
458 2473 507 2532 13.
539 2469 668 2552 V.'quae
685 2470 796 2549 collegi
811 2469 911 2550 Expll.
930 2468 1022 2532 adde
1039 2471 1092 2534 0r.
1109 2472 1216 2548 11.13,
1233 2475 1277 2537 57.

322 2572 396 2651 qaod
410 2576 474 2631 dem
493 2572 608 2648 welca]
625 2570 813 2653 improbabat
830 2570 1085 2634 hoecSchuetzius
1108 2580 1138 2634 et
1156 2574 1278 2654 quodam

238 2673 324 2738 modo
354 2673 442 2736 etiam
462 2671 651 2752 Bernhardy,
675 2689 730 2734 uec
756 2671 923 2734 breuiorem
950 2688 1005 2733 nec
1034 2674 1200 2737 acutiorem
1221 2675 1279 2738 esse

235 2776 355 2856 Lysiam
376 2773 491 2850 diceus,
513 2780 546 2836 ut
565 2775 747 2855 posteriores
766 2790 831 2835 eum
851 2772 1000 2853 potuerint
1016 2771 1191 2839 obscurare.
1224 2772 1279 2838 Sed
1312 2823 1313 2834 ,

236 2875 350 2951 officere
376 2891 440 2937 cum
467 2874 678 2938 Demosthenes
702 2874 812 2952 Lysiae
840 2871 961 2947 dicitur,
991 2873 1071 2954 apud
1095 2875 1230 2940 lectores
1256 2884 1280 2938 et

236 2976 382 3040 studiosos
411 2974 518 3037 dicitur
549 2975 683 3038 officere:
716 2975 826 3056 quippe
852 2971 949 3036 effecit
978 2973 1032 3036 ille
1059 2976 1091 3039 ri
1119 2985 1149 3040 et
1181 2986 1281 3042 ornatu

235 3077 415 3151 orationum,
436 3084 468 3138 ut
483 3077 590 3156 Lysias
611 3075 690 3158 apud
708 3076 865 3157 pauciores
885 3074 1073 3155 probaretur.

319 3180 371 3240 67.
416 3176 545 3256 Gotones]
563 3179 599 3241 de
615 3179 672 3242 hoo
688 3177 835 3238 schemate
851 3173 914 3237 dixi
931 3174 970 3236 ad
980 3175 1016 3238 de
1027 3176 1079 3238 0r.
1090 3177 1114 3238 l.
1125 3179 1182 3254 48,
1196 3181 1280 3252 alon

235 3285 303 3342 aute
324 3293 371 3340 me
390 3276 550 3339 Lambinus
573 3277 612 3340 ad
631 3277 717 3340 Bruti
735 3277 850 3358 locum,
873 3274 918 3338 ed.
941 3275 1039 3339 Klein.
1060 3295 1090 3359 p.
1114 3280 1169 3342 66.

236 3415 239 3420 ,
319 3379 370 3440 66.
413 3379 587 3456 scammata]
620 3379 746 3458 figuram
773 3375 872 3438 multis
899 3375 1031 3439 illustrat
1060 3377 1224 3446 Goellerus
1249 3378 1281 3441 ad

235 3478 298 3543 Cio.
320 3479 403 3542 Orat.
423 3495 453 3558 p.
478 3480 548 3542 183.

318 3578 441 3656 omanus]
458 3579 666 3658 „singularem
682 3595 832 3642 numerum
846 3583 1012 3656 praestare,
1030 3578 1111 3659 quod
1124 3580 1282 3662 Hyperidis

235 3685 264 3740 et
277 3678 387 3756 Lysiae
407 3679 526 3740 nomina
542 3680 629 3758 quasi
649 3697 736 3741 unam
756 3679 788 3740 in
807 3678 955 3740 motionem
977 3687 1099 3757 coeant,
1120 3682 1216 3745 docet
1238 3682 1282 3744 ob·

235 3779 364 3842 serratio
393 3777 548 3842 Goerenzii
574 3779 606 3842 iu
625 3780 718 3843 Acad.
739 3780 778 3843 Π.
800 3783 829 3842 l.
855 3797 885 3860 p.
909 3783 954 3856 2.,
982 3781 1029 3842 cui
1054 3781 1282 3864 locupletandae

149 3892 154 3901 ·
232 3879 398 3961 profuerint
416 3880 567 3942 Bentleius
588 3881 620 3941 in
640 3881 712 3944 llor.
731 3881 829 3945 Garm.
850 3882 899 3948 IV.
921 3886 979 3959 ll,
997 3887 1028 3947 9.
1052 3892 1081 3948 et
1096 3887 1281 3950 Burmannus
1309 3913 1310 3964 3

232 3979 264 4043 in
284 3981 368 4060 Virg.
389 3981 464 4043 Aen.
485 3980 534 4044 tv.
556 3980 657 4044 651ss
697 3983 876 4057 omicron.

318 4089 345 4138 et
361 4090 393 4140 ct
412 4082 679 4158 epicuraeorum]
699 4083 773 4148 haec
791 4085 851 4160 sic,
868 4091 900 4146 ut
915 4083 1068 4161 solebant,
1093 4079 1282 4152 ermetem

234 4180 396 4260 composita
430 4181 573 4246 nemimem
604 4180 762 4250 offendisse
793 4188 895 4269 utique
921 4186 1023 4250 miror.
1070 4187 1133 4253 Nec
1169 4178 1282 4258 scime'
