2640 4780
316 407 512 478 BRUTUS
540 405 632 480 GAP.
652 408 705 481 tt.
727 407 779 478 tt.
981 411 1072 487 m

46 576 253 646 addicendum
271 575 317 646 M.
338 575 497 646 Gratidius
517 576 563 646 M.
577 581 695 650 Antoni
716 577 956 668 perfamiliaris,
980 581 1071 652 euim

45 696 203 782 praefectus
225 715 294 764 cum
315 707 401 764 esset
428 698 462 766 in
484 697 615 782 Cilicia,
645 709 693 770 cst
714 699 914 780 interimtmt
940 700 994 786 qui
1015 717 1076 768 nea

45 815 148 882 ensavit
168 812 202 880 6.
222 811 406 895 Fimbriam,
427 813 473 882 M.
495 815 581 884 Muri
602 813 778 886 Gratidiani
799 827 896 906 pater.

111 929 217 1000 XLVL
254 933 325 1002 lue.
359 934 462 1021 Atque
495 937 590 1006 ctiam
622 935 704 1024 apud
736 937 842 1007 socies
875 945 906 1004 et
936 932 1069 1006 Latent

44 1059 166 1118 amares
186 1050 286 1122 tantu
307 1062 378 1120 sunt
397 1049 435 1132 Q.
451 1051 571 1122 Vettius
592 1051 754 1124 Vettianus
776 1074 794 1120 e
816 1051 953 1131 Marsis,
977 1071 1068 1140 quem

43 1170 96 1256 ipse
123 1171 270 1254 cognovi,
293 1169 434 1255 ,prudens
461 1171 511 1238 vin
537 1180 568 1242 et
594 1173 627 1240 in
655 1171 787 1242 dicende
813 1171 938 1252 brevia
969 1169 1007 1252 Q.
1038 1179 1068 1238 et

42 1282 71 1350 1).
86 1285 197 1356 Valerii
220 1285 353 1368 Sereni,
378 1289 474 1356 vicini
499 1297 531 1358 et
554 1288 730 1358 familiares
751 1292 829 1368 mei,
857 1310 921 1360 ncn
943 1299 1009 1360 tam
1034 1290 1068 1356 in

42 1403 155 1474 dicende
170 1405 391 1486 admirabiles,
415 1425 508 1494 quam
531 1406 614 1476 ducti
633 1418 666 1478 et
681 1406 814 1480 Graecis
835 1407 937 1478 literis
958 1417 989 1476 et
1002 1405 1068 1478 La·

40 1523 115 1602 tinis;
135 1522 168 1590 G.
184 1523 376 1594 Rusticelius
391 1521 619 1605 Bononiensis,
641 1527 670 1598 is
686 1526 811 1614 quidem
832 1537 863 1596 et
879 1527 1068 1596 exercitatus

40 1648 64 1704 ct
80 1641 355 1713 naturavelubilis.
388 1639 533 1712 Omnium
553 1654 655 1714 autem
674 1644 958 1732 elequentinsuenus
978 1653 1069 1712 extre
1189 1721 1195 1732 ¹

39 1754 106 1826 hanc
131 1759 239 1828 urbem
268 1759 307 1828 Τ.
331 1758 479 1830 Betucius
505 1758 625 1828 Barrus
652 1762 849 1840 Aeculanum,
880 1763 968 1830 cuius
997 1768 1068 1830 sunt

40 1874 141 1961 aliquot
160 1879 321 1948 crationes
339 1878 452 1946 Asculi
473 1877 617 1958 hubitae;
637 1879 696 1946 illu
714 1877 834 1950 Romae
857 1887 967 1948 contra
985 1875 1068 1946 cee-

37 1995 142 2078 picnem
162 1995 281 2064 nubilis
303 2015 395 2074 sune,
418 1998 469 2064 cui
491 1999 627 2064 crationi
644 1995 813 2084 Caepionis
835 2017 890 2064 ore
907 1995 1092 2090 respondit·

35 2107 147 2193 telins,
167 2117 224 2202 qui
242 2117 426 2202 scriptitavit
447 2114 747 2194 sustinueramus,
771 2124 879 2184 uratur
898 2115 966 2200 ipsc
988 2131 1069 2178 nun-

36 2247 113 2313 quam
134 2232 200 2300 init.
246 2233 318 2300 176.
347 2232 440 2320 Apud
464 2234 601 2300 maiores
624 2242 726 2302 autern
753 2241 879 2300 nostres
903 2228 996 2298 viden
1019 2228 1068 2298 di·

36 2351 234 2419 sertiseunnuru
261 2349 400 2418 habitum
427 2369 467 2422 ex
485 2348 579 2420 Latio
607 2348 645 2420 L.
667 2349 826 2446 Papirium
847 2347 1068 2434 Fregellanum

36 2461 77 2533 Ti.
97 2467 231 2538 Gracchi
253 2468 288 2536 P.
309 2467 344 2536 F.
367 2470 434 2538 iere
457 2479 578 2541 aetate:
610 2472 679 2540 eius
701 2470 795 2538 etiam
817 2469 919 2536 oratic
941 2476 1067 2554 estque

36 2579 216 2672 Fregellanis
243 2573 439 2676 coloniisque
469 2586 594 2660 Latinis
622 2587 732 2656 habita
759 2589 793 2654 in
821 2596 942 2656 senatu
985 2583 1068 2654 Tum

34 2695 148 2786 Brutus,
171 2704 256 2786 Quid
275 2715 309 2774 tu
328 2707 437 2803 igitur,
458 2709 571 2794 inquit,
593 2706 705 2778 tribuis
725 2707 797 2774 istis
815 2706 953 2776 externis
975 2704 1067 2791 quusi

84 2937 128 2982 166.
154 2935 308 2990 Rusticelius]
321 2936 469 2980 Rusticelius.

87 3119 192 3178 vat.
230 3117 287 3175 166.
332 3119 448 3174 Vettius
481 3115 651 3187 Vettianus]
679 3116 824 3188 utrobique
850 3133 902 3188 per
930 3123 961 3172 ct
986 3117 1067 3172 codd.

32 3218 129 3275 praeter
154 3200 219 3260 Vct.
246 3202 357 3272 otton,
383 3205 412 3260 iu
435 3203 532 3275 quibus
555 3210 630 3260 recte
654 3205 794 3275 scriptum.
834 3202 988 3261 Vettianus
1013 3219 1067 3257 onn.

33 3291 65 3347 etl
83 3311 123 3364 qr.
141 3319 179 3336 ··-
208 3289 352 3359 aeta]
375 3296 405 3344 et
428 3287 931 3362 cun.Gu.1.etLg.omnespr.8.
968 3284 1070 3346 vnete

33 3389 106 3445 nsque
124 3377 161 3432 ad
178 3393 238 3432 naun
256 3383 321 3430 tum
338 3393 390 3430 onte.
408 3374 522 3440 1611.-
549 3375 747 3444 Rusticelius]
765 3376 876 3448 scripsit
892 3373 1009 3430 Ursinus
1032 3387 1068 3430 ex

32 3472 118 3529 num03
138 3463 202 3518 litei
220 3461 401 3518 Rusticellur
418 3468 466 3516 eut
483 3460 688 3516 Rusticltellur
704 3460 767 3532 (hg.
784 3461 836 3526 76).
853 3490 888 3501 -
913 3457 1068 3524 Betucius}

32 3542 161 3604 Beterrae
178 3546 228 3618 hg.
243 3546 285 3603 20.
302 3546 344 3602 te.
363 3545 405 3602 53.
425 3545 466 3602 58.
483 3545 525 3602 66.
562 3546 726 3605 Retulitius
744 3545 777 3598 70
789 3561 860 3598 corr.
879 3549 908 3596 ut
926 3542 973 3596 illi.
1010 3540 1068 3597 Bu·

31 3633 115 3686 attice
129 3633 171 3690 56,
207 3632 354 3688 Betucius
370 3630 479 3688 veui.
514 3630 674 3686 Buttcttue
690 3628 733 3682 etl.
748 3645 804 3698 pr.;
823 3627 920 3683 cedem
941 3627 1068 3682 Varrure

32 3712 122 3772 Barce
139 3719 209 3774 Ven.
229 3721 253 3776 l.
281 3716 332 3772 Gu.
351 3718 375 3774 1.
394 3745 430 3762 ·-
454 3711 568 3784 meltis]
586 3714 701 3774 multus
719 3713 782 3772 edd.
802 3712 936 3784 quaecum
953 3719 1020 3768 vett
1039 3720 1068 3768 ct

32 3795 77 3870 [Β.
92 3803 133 3860 96.
159 3803 222 3860 Vat.
247 3801 319 3858 Ven.
335 3802 362 3860 2.
590 3819 593 3826 ·

93 3970 149 4028 176.
188 3971 231 4030 li.
244 3967 386 4040 Gracchi]
406 3969 437 4030 T.
451 3969 575 4042 plerique
586 3968 658 4028 libri.
670 4001 701 4010 -
719 3971 783 4024 etue
793 3967 898 4034 ettam]
912 3967 954 4022 sic
968 3965 1012 4019 ed.
1026 3979 1067 4034 pr.

32 4053 102 4109 cnut
115 4073 220 4116 omues.
248 4061 314 4114 eius
331 4063 432 4114 cutem
448 4055 510 4114 eut.
523 4053 658 4125 quuedeua
671 4062 738 4110 vett.
757 4063 785 4110 et
796 4050 927 4108 ofellius.
950 4048 1067 4108 Manem

32 4135 129 4196 Messe
144 4169 181 4190 μ.
205 4142 396 4212 mtosttsqce]
420 4141 558 4212 parilitate
580 4139 785 4200 commutatus
807 4138 943 4209 mriptura
963 4131 1008 4192 etl.
1024 4147 1066 4206 pr.

35 4227 59 4276 et
72 4227 149 4290 euti.
167 4226 219 4298 bg.
235 4227 357 4290 eumue
370 4227 551 4298 aulaeisque.
