2674 4782
302 387 495 456 saurus
525 387 615 458 cir.
638 389 689 457 aa
711 391 764 458 25.
965 395 1055 468 aaa
1150 376 1153 386 '

21 555 92 620 erim
120 573 174 622 res
195 563 311 622 tautum
334 557 376 629 ad
397 547 559 632 dicendum
579 557 714 647 proiicit,
744 569 892 646 quantum
912 564 1054 648 scriptio;

20 677 189 746 memoriam
217 685 326 748 auten·
350 679 382 744 in
402 687 560 764 posterum
583 673 688 764 ingeni
709 679 760 746 sui
780 698 844 746 non
864 678 1052 758 desiderant,

19 811 76 856 cum
96 811 131 858 se
150 801 257 879 potant
276 796 354 866 satis
372 815 519 882 magnam
539 797 669 885 adeptos
687 816 759 865 esse
778 795 902 871 dicendi
919 795 1055 882 gloriam

19 929 134 996 eamque
167 913 262 982 etiam
291 915 442 984 maiorem
470 917 573 982 uisum
603 917 657 993 iri,
691 917 718 984 si
752 918 785 980 in
812 916 1055 982 existimantium

19 1026 165 1098 arbitrium
192 1049 252 1099 sua
279 1033 399 1118 scripta
424 1051 488 1098 non
516 1034 673 1105 venerint:
702 1031 801 1109 alios,
829 1031 912 1118 qnod
941 1031 1053 1099 melius

19 1156 104 1230 putent
123 1146 232 1216 dicere
254 1167 289 1214 se
310 1167 406 1236 posse
429 1168 520 1235 quam
544 1149 701 1216 seribere:
725 1148 807 1236 qnod
822 1150 1054 1235 peringeniosis

19 1259 181 1332 inminibus
200 1284 302 1351 neque
324 1267 403 1336 satis
425 1266 524 1334 doctis
545 1265 725 1353 pierumque
748 1267 915 1351 contingit,
936 1276 969 1332 ut
990 1267 1052 1352 ipsi

22 1377 135 1448 babae.
189 1382 240 1450 93.
272 1403 364 1469 quern
391 1383 525 1452 fortasse
551 1387 600 1452 uis
629 1403 693 1460 uon
720 1385 828 1468 ingeni
849 1382 965 1460 solum,
991 1384 1050 1452 sed
1085 1413 1093 1428 ·

22 1501 94 1566 etiam
114 1500 215 1568 animi
237 1509 269 1568 ct
288 1501 441 1570 naturalis
463 1501 588 1588 quidam
609 1501 701 1578 dolor
721 1498 872 1570 dicentem
900 1501 1049 1569 incenda—
1126 1565 1128 1570 .

22 1613 60 1683 bat
83 1616 315 1704 efficiebatque,
351 1629 383 1688 ut
411 1613 442 1686 et
468 1621 598 1689 incitata
628 1629 659 1694 et
685 1623 793 1705 grauis
820 1629 852 1686 et
877 1618 1047 1696 vehemens

24 1744 88 1802 esset
108 1737 227 1816 arctior
250 1736 322 1808 dein
344 1757 413 1804 curn
435 1739 554 1806 otiosus
576 1737 681 1807 stilum
701 1736 908 1825 prehendorat
930 1747 1048 1804 motus-

25 1871 67 1935 que
100 1857 201 1920 omnis
242 1855 337 1924 animi
368 1865 516 1942 tanquam
547 1866 658 1929 ventus
689 1853 846 1922 hominem
878 1851 1047 1931 deiecerat,

23 1965 209 2038 increscebat
233 1975 351 2044 oratio:
383 1973 469 2058 quod
495 1975 551 2050 iis,
580 1975 633 2058 qui
659 1973 798 2041 limatius
816 1947 948 2038 ⁸dicendi
973 1991 1048 2038 corr-

23 2099 155 2156 sectarrtur
173 2109 294 2175 genus,
318 2091 464 2164 accidere
483 2110 548 2156 non
571 2089 667 2167 solet,
689 2099 857 2176 propterea
876 2087 957 2172 quod
975 2105 1049 2173 prn-

24 2201 106 2274 dertia
128 2227 288 2296 numquam
310 2207 413 2277 deicit
439 2217 611 2286 oratorem,
643 2226 706 2294 qua
732 2205 788 2272 iiie
819 2215 910 2270 utens
938 2203 1049 2280 eodem

24 2323 93 2391 nodo
110 2329 212 2416 possit
232 2336 262 2395 at
283 2327 389 2395 dicere
415 2336 445 2397 et
466 2326 623 2405 scriberet
647 2325 743 2400 ardor
764 2325 861 2392 animi
882 2343 945 2390 narr
964 2343 1046 2398 sem-

24 2457 63 2524 per
83 2444 182 2522 adest,
214 2446 305 2531 isque
334 2465 402 2517 cum
432 2445 588 2524 consedit,
620 2445 720 2520 omnis
751 2442 810 2512 illa
830 2445 879 2510 vis
902 2451 932 2508 et
953 2445 1045 2528 quasi

26 2555 122 2632 damna
142 2565 281 2632 oratoris
302 2565 515 2649 exstinguitur.
559 2561 610 2631 oi.
632 2561 722 2631 Hanc
743 2564 839 2647 igitur
859 2558 900 2628 ob
917 2580 1046 2634 causam

26 2676 119 2745 videtur
146 2678 244 2748 Laeli
277 2701 365 2746 mens
397 2683 518 2770 spirare
550 2684 644 2748 etiarn
676 2683 710 2746 in
744 2680 886 2766 scriptis,
923 2675 1046 2744 Galbae

26 2805 102 2863 actem
119 2801 166 2866 vis
191 2797 357 2866 occidisse.

87 2912 181 2990 XXV.
203 2914 340 2994 Fuerunt
361 2918 456 2990 etiam
472 2918 505 2984 in
522 2923 681 2992 oratorum
695 2927 824 2980 numero
841 2906 1046 2972 mediocrium

28 3021 54 3092 L·
79 3043 105 3100 ot
134 3031 187 3122 sp.
220 3033 363 3100 Mummii
394 3034 530 3110 fratres,
565 3046 694 3116 quorum
726 3033 853 3092 exuunt
884 3021 1045 3090 amborum

77 3265 114 3324 Ὦ.
147 3271 300 3340 wantum]
325 3285 416 3340 quam
434 3265 486 3338 Lg.
504 3263 547 3332 39,
566 3293 601 3304 -
619 3258 755 3338 proficit]
772 3257 850 3313 calet
868 3256 921 3314 Gn.
947 3255 970 3314 i.
999 3260 1045 3312 to·
1108 3285 1112 3296 .

29 3351 86 3418 beot]
102 3353 138 3407 sic
154 3353 204 3427 Lg.
220 3354 245 3408 8.
263 3355 305 3412 51.
328 3354 399 3410 Verr.
416 3353 438 3407 1.
455 3380 492 3395 ν·-
517 3351 675 3422 comtnqtt]
695 3348 820 3418 coutiqtt
840 3344 884 3400 ed.
906 3361 963 3416 pr.;
984 3361 1044 3398 cor·-

29 3434 81 3486 rcrit
91 3435 239 3506 Manutius,
249 3437 413 3510 firmantque
426 3438 623 3494 correctionem
634 3433 687 3506 Lg.
699 3449 808 3498 omnes,
822 3429 894 3486 Ver.
909 3431 932 3486 l.
948 3427 1045 3485 ottob.

29 3510 76 3571 ¹³³1·
92 3519 123 3574 Ι).
138 3552 170 3562 -
199 3521 322 3594 Galbae]
337 3531 499 3599 postqttam
521 3519 699 3576 addidici.
750 3557 767 3592 0

79 3601 115 3657 93.
147 3611 257 3680 tament]
275 3612 315 3665 sic
331 3606 383 3682 Lg.
400 3605 425 3663 8.
442 3607 483 3662 51.
516 3607 569 3661 iiic
581 3605 653 3660 Van.
674 3603 697 3657 1.
720 3601 847 3674 incocti,
866 3595 939 3668 quod
956 3591 1046 3650 rarum

29 3677 62 3737 ffli-
76 3713 106 3730 *-
126 3691 176 3747 ced
193 3699 285 3749 citam
302 3697 411 3764 anime]
435 3696 600 3748 animiam.
619 3689 662 3743 ed.
679 3705 738 3760 pm,
757 3685 829 3741 iiber
847 3697 970 3738 meorum
987 3682 1047 3737 nui·

29 3761 64 3820 ¹1¹⁸·
78 3802 109 3814 -
130 3776 224 3850 dolor]
248 3780 333 3835 calor
348 3778 399 3851 Lg.
418 3777 477 3845 20„
504 3785 533 3832 ut
550 3775 666 3831 coniecit
685 3770 876 3828 Schneiderus.
893 3799 929 3814 —
956 3769 1047 3837 ercet]

29 3847 92 3914 beret
108 3857 209 3932 1420,
227 3895 262 3906 ·-
283 3867 366 3934 deta]
385 3863 492 3928 deinde
510 3862 560 3927 Gn.
580 3861 604 3913 l.
620 3859 644 3914 2.
667 3857 719 3932 lig.
737 3858 780 3925 bo.
810 3856 928 3922 demum
945 3853 989 3908 ed.
1006 3869 1047 3921 pr.

29 3929 88 4000 ”ab
104 3951 129 3996 ²¹
141 3949 213 4008 wito
228 3951 291 4022 ipse
307 3950 360 4010 sibi
371 3949 469 4013 Cicero
483 3945 609 4012 *vindicat
621 3941 671 4011 Or.
683 3944 733 4009 45,
751 3943 808 3999 lot.
825 3971 860 3982 —
883 3934 1048 4010 defecerat]

28 4015 170 4089 itteram
186 4031 235 4107 ug.
254 4034 298 4096 bd.
316 4064 352 4079 -
376 4031 523 4099 concedit]
540 4028 672 4097 coortam
693 4025 791 4095 suadet
807 4023 975 4092 Garamum.

79 4108 116 4170 94·
150 4114 302 4188 bacchio
312 4129 359 4182 am
371 4120 429 4180 ccli
439 4136 461 4180 s
473 4113 585 4185 101th
595 4113 620 4168 8·
631 4113 676 4178 ‚³5-
686 4111 729 4178 ³9.
739 4106 833 4179 5³95&
844 4104 886 4176 7⁰2
905 4101 976 4159 Ven-
987 4095 1011 4150 ¹·
1021 4095 1047 4158 ²·

31 4181 71 4245 ⁰²¹·
86 4223 117 4238 ·-
139 4204 294 4276 occidisse]
311 4205 455 4270 addisce
473 4201 524 4266 Get.
544 4198 611 4266 1,,2.
941 4243 942 4250 ,

775 4296 840 4408 ld*
