2676 4774
226 371 293 464 ῃ
394 365 544 438 uncus
564 362 862 448 nnoonsnrnus
884 359 987 432 non.
1007 359 1118 432 mss.

228 542 266 608 ad
294 541 386 608 ilium
410 541 549 606 labumsc
569 537 698 615 uidetur,
724 536 838 604 Gellius
859 534 963 600 laudat
981 531 1055 616 Οὓς
1083 535 1277 622 epistolarum
1325 534 1326 580 l

228 645 327 708 multis
352 644 428 708 locis
448 643 619 706 Priscianus
639 639 783 715 meminit,
808 656 883 721 quas
910 637 1029 702 easdem
1055 638 1277 721 epistolicam

229 746 434 828 quaestionum
463 741 610 807 uocabulo
637 740 801 824 significari
826 726 898 822 poto
926 739 1005 822 apud
1035 739 1157 804 eundem
1183 740 1278 816 illum,

230 863 314 930 quem
343 845 430 908 modo
452 844 589 908 antestati
610 860 725 919 sumus,
752 837 1016 921 literatoreu(³⁹);
1042 840 1169 924 denique
1192 831 1278 906 ἄπο·
1326 900 1327 924 ,

229 941 411 1032 φθέγματα
433 944 608 1010 claritudine
628 943 721 1006 multa
740 943 873 1008 fuerumt:
901 959 978 1024 qnae
996 961 1056 1006 nou
1076 961 1097 1004 a
1116 943 1279 1006 Plutarcho

230 1045 316 1110 modo
339 1043 516 1123 afferuntur,
538 1045 590 1108 sed
612 1045 717 1110 Cicero
738 1044 817 1107 libro
839 1043 876 1106 de
898 1045 1026 1108 Oratore
1043 1041 1172 1108 secundo
1194 1044 1282 1108 naria

230 1147 300 1210 iude
324 1148 458 1212 iocorum
484 1146 621 1230 cntempla
646 1145 863 1230 deprompsisse
883 1144 1045 1210 credendus
1070 1152 1124 1209 est.
1167 1144 1281 1208 Horum

231 1249 408 1330 scriptorum
426 1249 552 1312 omnium
570 1247 713 1330 reliquias
732 1247 877 1326 colligere
896 1264 955 1310 uon
976 1253 1020 1308 est
1040 1245 1126 1308 huius
1145 1246 1220 1308 loci:
1250 1251 1283 1308 ut
1327 1266 1328 1358 q

232 1350 264 1412 in
284 1349 451 1414 orationum
467 1350 602 1431 partibus
618 1349 744 1414 seruatis
759 1349 828 1412 huic
844 1365 955 1430 operae
971 1345 1165 1430 supersedero
1181 1347 1283 1428 possi·
1327 1363 1328 1428 t

233 1467 314 1526 mus,
341 1450 458 1531 Meyeri
487 1449 712 1530 diligentissima
733 1466 827 1530 opera
847 1448 980 1512 ellectum
1001 1454 1060 1524 est,
1091 1465 1111 1510 a
1134 1465 1194 1532 quo
1214 1448 1283 1513 niso
1327 1443 1328 1482 ³

234 1551 341 1632 quibus
361 1551 450 1614 nehus
472 1549 676 1614 dissentiamus
697 1568 789 1634 supra
808 1549 1013 1616 iudicauimus.

317 1651 450 1716 Eximius
471 1651 592 1716 Catonis
619 1651 741 1716 uirtutes
762 1669 846 1714 nemo
869 1649 1101 1732 magnificentius
1113 1667 1208 1730 quam
1229 1649 1285 1712 Li·

235 1752 300 1820 vius
323 1753 426 1816 extulit
437 1748 499 1834 (⁴⁰).
539 1753 722 1818 Goureuiuut
743 1753 808 1816 eum
828 1755 885 1816 lucc
905 1753 1019 1816 Plinius
1031 1743 1099 1830 (⁴¹),
1121 1767 1183 1812 cum
1203 1751 1286 1830 opti·

235 1871 313 1916 mum
333 1861 499 1918 senatorem
519 1861 668 1918 oratorem
686 1855 895 1936 imperatorem
910 1861 1012 1930 vocat,
1031 1853 1130 1935 Nepos
1142 1846 1195 1930 (⁴²)
1211 1852 1286 1916 Ma·

237 1955 355 2018 crobius
367 1949 420 2036 (⁴³)
441 1955 580 2020 Aurelius
601 1951 780 2036 Victor(⁴⁴).
815 1954 876 2020 Sed
896 1954 933 2018 de
954 1952 1199 2034 generedicendi
1220 1954 1286 2016 eins

236 2056 331 2118 minus
361 2056 526 2140 expeditum
553 2055 693 2119 iudicium
715 2063 768 2119 est.
812 2055 917 2120 Gicero
940 2056 1016 2118 euim
1044 2073 1108 2118 cum
1137 2055 1169 2118 iu
1190 2054 1285 2118 Bruto

236 2159 325 2220 tantis
356 2157 494 2220 laudibus
523 2157 662 2222 Gutouem
691 2164 841 2233 ornasset,
872 2165 920 2234 ut,
950 2157 977 2219 si
1005 2175 1064 2220 uon
1090 2157 1164 2218 satis
1187 2162 1287 2237 aptam

237 2259 478 2340 compositionem
506 2265 535 2320 et
554 2258 647 2321 rerba
672 2274 728 2338 pro
749 2257 805 2320 illa
826 2265 924 2322 aetate
945 2259 1039 2320 mium
1060 2255 1212 2336 elegantia
1233 2273 1287 2318 ex-

238 2357 371 2436 ceperis,
392 2356 477 2418 nnlla
493 2357 585 2420 uirtus
604 2359 739 2422 oratoria
760 2359 788 2422 ei
809 2358 912 2423 deesse
927 2359 1085 2434 rideretur,
1108 2357 1287 2437 dignumque

238 2457 376 2531 luberet,
395 2474 485 2538 quem
498 2474 562 2520 eum
577 2458 754 2540 politissimo
771 2467 892 2525 oratore
909 2461 1003 2542 Lysia
1018 2465 1207 2542 compararet
1217 2455 1286 2538 (¹¹5):

239 2564 273 2620 nt
291 2575 326 2620 re
344 2556 375 2618 iu
392 2563 545 2638 utramque
563 2567 678 2640 partem
699 2559 850 2642 disputata
865 2561 963 2626 media
981 2560 1126 2644 maedam
1142 2562 1287 2624 sententia
1330 2579 1331 2628 1

239 2674 313 2724 tera
333 2656 439 2720 lectori
458 2658 624 2736 uideretur,
653 2661 781 2727 drumm
801 2670 905 2726 coutra
925 2662 996 2726 illas
1016 2661 1121 2726 landes
1144 2661 1286 2724 dicentem

240 2757 399 2823 introducit
430 2766 459 2822 et
484 2759 627 2841 plurimas
655 2761 776 2824 illarum
806 2770 907 2844 partes
939 2763 1001 2825 suis
1028 2764 1211 2844 argumentis
1241 2763 1287 2824 in·
1330 2803 1331 2806 ,

239 2858 401 2929 innantem
411 2856 475 2941 (⁴⁶).
516 2861 578 2926 Sed
599 2862 626 2924 si
645 2863 720 2930 laec
741 2869 770 2926 et
791 2863 854 2932 alia
868 2864 1021 2929 Ciceronis
1032 2859 1086 2943 (⁴²)
1100 2865 1181 2929 Liuii
1197 2863 1287 2942 Quin-

240 2961 337 3024 tiliani
351 2957 405 3042 (⁴⁸)
430 2959 599 3026 testimonia
624 2963 808 3044 colligimus,
842 2983 919 3048 qnae
947 2965 976 3027 ei
1004 2965 1159 3029 defuerunt
1187 2964 1286 3028 seculo

241 3062 403 3127 horridiori
421 3063 617 3157 ascribemus,
639 3063 732 3130 multa
750 3073 778 3128 st
795 3067 935 3146 egregia,
957 3067 1063 3148 quilius
1079 3067 1206 3146 insignis
1224 3066 1287 3140 fuit

242 3181 352 3228 sommo
373 3165 494 3246 ingenio
516 3163 613 3230 studio
633 3164 782 3231 indefesso
804 3167 966 3246 accuratis,
986 3175 1019 3231 ut
1038 3175 1175 3250 tempora
1196 3173 1287 3241 erant,

313 3423 358 3494 38)
375 3425 445 3486 Gelt.
460 3427 507 3485 Xl.
526 3428 551 3486 2.
577 3428 685 3486 Nouius
708 3449 735 3503 p.
749 3433 809 3488 464.
826 3431 913 3490 Mero.
934 3435 1014 3490 Serv.
1038 3433 1074 3488 ad
1090 3433 1168 3506 Vlrg.
1188 3433 1289 3504 Georg.

244 3508 266 3566 l.
294 3509 337 3588 to.
424 3512 470 3581 39)
495 3513 557 3572 vll.
582 3515 622 3572 10.
712 3516 758 3585 46)
782 3517 911 3575 XXXIX.
935 3520 977 3575 46.
1065 3517 1289 3588 intimantes

246 3593 306 3652 Vll.
319 3597 362 3651 27.
448 3599 493 3668 42)
512 3599 585 3671 Nep.
600 3600 659 3658 Cat.
675 3599 718 3658 M.
731 3600 757 3658 3.
844 3602 890 3670 43)
907 3603 944 3658 ad
957 3605 1051 3662 Somno.
1065 3604 1190 3676 Scipion.
1204 3600 1289 3657 11.17.

245 3681 291 3748 44)
309 3699 333 3736 c.
348 3682 389 3737 47,
414 3681 501 3738 Huius
517 3685 624 3754 quidem
641 3687 700 3742 laos
715 3683 837 3742 firmiore
854 3687 1028 3744 fundamento
1040 3687 1140 3754 nltltor,
1158 3687 1183 3742 si
1198 3700 1290 3742 nerum

246 3775 297 3832 est,
314 3765 386 3836 quod
404 3769 494 3838 magui
510 3769 562 3824 vicl
576 3767 746 3842 Borghesius
763 3779 791 3826 et
806 3772 974 3829 Niebuhrius
988 3775 1155 3840 existimant,
1171 3771 1290 3827 libellum

245 3849 320 3904 illum
338 3867 374 3904 ex
391 3851 475 3906 titulis
487 3859 635 3910 statuarum
652 3855 778 3924 fluxisse,
802 3875 875 3930 quos·
891 3859 1025 3931 Augustus
1042 3861 1070 3914 im
1086 3858 1150 3914 loro
1170 3874 1222 3913 suo
1239 3855 1292 3910 cla·

246 3936 359 4012 cissimis
377 3936 444 3992 viris
458 3950 596 4010 posuerat.
686 3942 731 4010 45)
749 3942 805 3998 Cle.
820 3941 901 4000 Brut.
917 3946 959 4012 17,
975 3944 1010 4000 65
1021 3960 1081 4016 sqq.
1170 3941 1216 4010 46)
1235 3941 1291 3996 Gis.

245 4019 325 4078 Brut.
343 4021 391 4088 85,
409 4021 469 4082 293.
556 4028 602 4094 47)
620 4025 676 4082 Cic.
693 4026 729 4081 de
747 4023 797 4084 0r.
817 4026 837 4082 1.
855 4027 897 4094 37,
917 4027 975 4087 173.
1010 4028 1083 4085 Nam
1102 4027 1150 4086 111.
1168 4026 1215 4094 33,
1235 4025 1292 4080 135.

247 4105 283 4162 de
292 4108 450 4186 solarerum
459 4112 559 4182 peritia
568 4113 692 4183 quamvls
702 4113 806 4168 oratori
819 4115 977 4170 necessario
985 4113 1082 4186 egitur.
1170 4111 1215 4180 48)
1232 4109 1293 4166 htv.

247 4191 376 4250 XXXIX.
396 4193 438 4252 to.
468 4195 582 4256 Quintil.
599 4195 658 4254 Xll.
679 4196 724 4266 ll,
743 4197 787 4254 23.
816 4197 860 4266 16,
882 4199 921 4256 10.
