2678 4776
233 403 323 476 338
554 397 959 470 EXPLlGATIONES

232 597 252 640 a
271 574 396 642 Cimbris
415 573 511 650 lusus,
536 591 602 638 cum
623 592 642 636 a
664 571 697 636 ll.
719 571 861 636 Norbano
883 573 1002 636 tribuno
1025 574 1189 636 maiestatis
1213 593 1277 637 reus

232 679 327 756 lactus
349 684 426 740 esset
448 695 477 739 a.
498 675 578 753 659,
605 693 660 757 per
682 675 740 738 uim
762 681 791 736 et
812 675 985 738 seditionem
1006 675 1160 738 damnatus
1180 676 1277 756 Smyr-

233 799 300 842 nam
312 779 397 842 exsul
415 779 569 842 concessit·
592 779 628 842 V·
645 783 748 839 nostra
764 777 795 838 iu
810 776 911 858 Expll.
929 779 961 840 in
977 777 1014 839 de
1029 770 1082 865 Or.
1093 779 1131 841 ll.
1139 775 1197 854 47,
1212 781 1276 842 191.

314 893 451 958 XXXVI.
496 895 567 956 136.
612 895 642 952 G.
663 904 689 954 or
709 899 747 955 L.
764 896 905 974 Mantua]
927 915 957 960 r.
979 895 1118 976 prolegg.
1142 897 1171 982 §.
1188 899 1241 960 24.

317 1017 367 1092 Sp.
385 1011 517 1088 tluortus]
543 1013 605 1074 eius
628 1031 705 1092 qnae
724 1015 772 1074 bic
790 1021 1032 1076 commemoratur
1052 1013 1115 1088 lex,
1138 1031 1178 1075 ea
1192 1013 1278 1094 plane

227 1115 335 1196 ignota
356 1101 408 1177 est.
451 1113 527 1176 Nam
548 1115 575 1175 si
589 1115 658 1194 lege
674 1113 787 1177 Thoria
808 1115 939 1194 uectigal
960 1133 997 1176 ex
1014 1131 1089 1194 agro
1107 1115 1229 1195 publico
1251 1117 1278 1175 in

230 1217 332 1292 ltalia,
362 1217 490 1298 quaein
512 1217 659 1278 aerarium
681 1217 780 1296 redigi
804 1217 934 1292 solebat,
961 1217 1044 1298 plebi
1063 1217 1147 1295 agris
1170 1217 1278 1278 carenti

231 1318 355 1382 divisum
377 1325 436 1392 est,
460 1335 518 1398 qno
536 1317 622 1380 modo
646 1336 682 1380 ea
699 1319 769 1398 lege
787 1335 862 1398 ager
882 1319 1013 1394 oecttputt
1030 1314 1121 1377 tedam
1142 1316 1276 1380 dicatur?

136 1435 139 1446 ’
229 1420 275 1482 Ne
302 1418 378 1481 illud
402 1418 518 1498 quidem
540 1421 611 1481 satis
634 1419 806 1500 probabile,
836 1417 914 1500 qnod
935 1418 1067 1480 Zeissius
1088 1418 1276 1482 Vimariensis

230 1521 340 1600 scripto
363 1520 539 1581 scholastico
563 1539 590 1582 a.
615 1523 694 1583 1841
719 1520 797 1582 edito
820 1519 982 1600 significari
1001 1519 1071 1581 dicit
1091 1519 1172 1599 legis
1194 1526 1277 1600 capnt

228 1620 320 1696 illud,
343 1637 401 1700 qino
421 1621 624 1701 possessiones
646 1622 725 1684 intra
746 1621 862 1684 modurn
882 1621 1017 1682 Liciniae
1039 1620 1119 1699 legis
1142 1621 1274 1682 sublatae

211 1729 297 1797 xsunt
324 1730 352 1784 et
379 1722 405 1782 is
430 1739 505 1800 ager
531 1723 664 1802 privatus
688 1723 794 1785 factus.
840 1721 928 1786 Certe
954 1723 997 1783 sic
1026 1722 1152 1784 obscure
1175 1723 1274 1785 Cicero

228 1825 344 1886 locutos
368 1830 426 1897 est,
456 1823 504 1884 cui
524 1823 753 1906 longe-planius
776 1823 874 1885 dicere
895 1823 999 1885 liceret
1021 1823 1163 1885 Thorium
1188 1841 1275 1903 agros

228 1925 451 2006 possessoribus
471 1925 537 1986 iure
559 1926 714 2006 quiritatio
738 1925 949 2004 assignavisse.
1096 1931 1099 1938 ’

141 2121 144 2127 ¹
315 2047 361 2103 M.
384 2042 553 2120 Marcellus]
578 2043 664 2105 buius
685 2043 762 2105 lilius
783 2059 888 2105 nomen
911 2042 1061 2100 Aesernini
1082 2039 1151 2102 inde
1173 2041 1276 2104 dicitur

226 2145 369 2218 traxisse,
398 2141 478 2223 quod
505 2151 592 2224 pater
621 2143 701 2206 bello
733 2145 866 2207 Marsico
897 2150 965 2224 post
993 2140 1106 2203 cladem
1138 2141 1274 2206 Caesaris

228 2245 371 2319 consulis,
395 2262 459 2306 curm
479 2245 652 2307 Aeserniam
673 2245 820 2308 coloniam
840 2243 1035 2322 confugisset,
1057 2243 1167 2324 oppido
1189 2253 1274 2326 capto

226 2349 258 2410 in
278 2346 450 2412 Samnitium
474 2345 612 2408 ditionem
637 2349 732 2410 uenit:
760 2347 827 2410 Liu.
857 2364 903 2426 ep.
924 2342 1060 2407 Lxxttt
1105 2341 1193 2408 Certe
1219 2347 1272 2408 boc

209 2448 351 2542 *similius
369 2447 450 2521 ueri,
473 2466 559 2527 quam
574 2449 736 2510 Aeserniae
756 2455 870 2524 natum,
892 2463 969 2527 quae
984 2446 1114 2526 Zumptii
1133 2449 1273 2510 sententia

225 2549 281 2610 fuit
305 2545 344 2608 ad
364 2547 449 2611 Verr.
471 2566 501 2628 p.
519 2551 592 2612 745.

315 2665 385 2726 137.
428 2666 466 2725 L.
479 2665 572 2742 Cotto]
596 2671 719 2748 praetor
735 2684 763 2728 a.
779 2667 851 2728 663.
893 2663 939 2726 Dc
954 2663 1193 2746 pronuntiatione
1212 2667 1270 2726 eius

225 2786 254 2834 1.
281 2765 318 2830 de
346 2766 397 2830 Or.
419 2763 470 2827 III.
494 2769 622 2844 11,42.
651 2774 680 2829 et
705 2767 737 2828 in
766 2767 858 2830 Bruto
887 2783 914 2829 c.
936 2768 993 2842 74,
1016 2764 1090 2828 259.
1132 2771 1270 2826 Praetorii

225 2887 330 2932 nomen
352 2865 483 2944 additur,
504 2888 541 2932 ne
563 2869 758 2933 confundatur
781 2886 846 2930 cum
867 2867 928 2930 alio
948 2868 984 2930 L.
1007 2865 1109 2943 Cotta,
1132 2869 1184 2949 qui
1204 2885 1269 2930 cou-

225 2970 350 3034 sulatum
371 2969 465 3048 gessit
488 2989 516 3031 a.
535 2973 609 3036 689.

310 3107 368 3147 uon
395 3091 438 3146 tto
461 3088 591 3165 muttum]
620 3105 679 3150 non
706 3103 778 3148 sane
802 3085 937 3161 multum3
967 3087 1088 3168 copiose
1113 3105 1198 3149 usum
1217 3083 1267 3148 ad·

223 3189 318 3255 uerbii
338 3187 468 3250 illustrat
488 3189 620 3251 Handius
641 3190 672 3250 in
691 3187 861 3250 Tursellino
882 3187 942 3251 uol.
962 3186 1012 3250 llI.
1035 3205 1065 3268 p.
1082 3189 1157 3250 490.

310 3305 380 3366 138.
422 3305 522 3382 spisse]
544 3305 644 3380 tarde,
670 3307 732 3370 sinc
752 3304 850 3386 potius
871 3305 926 3379 ita,
948 3312 981 3366 ut
1001 3321 1180 3385 progressus
1198 3305 1268 3366 artis

224 3410 391 3483 oratoriae,
414 3423 488 3488 quos
509 3407 683 3488 perplures
700 3408 847 3468 bominum
868 3413 980 3468 aetates
998 3413 1075 3468 essct
1090 3414 1266 3487 persecutus,

222 3511 301 3572 tardi
321 3511 413 3571 fuisse
438 3507 615 3570 uiderentur.
658 3509 773 3571 Primus
801 3507 942 3587 explicuit
961 3509 1114 3570 Manutius
1143 3509 1183 3570 ad
1203 3527 1266 3590 epp.

223 3610 262 3672 ad
280 3611 346 3674 Diu.
364 3609 401 3673 ll.
421 3612 461 3671 10
477 3606 519 3690 (p.
536 3609 633 3688 261).
665 3609 836 3689 =Prinoipiis
855 3607 948 3670 tardis
971 3616 1159 3690 opponuntur
1179 3613 1268 3670 cattos

222 3715 309 3791 apisci
330 3721 356 3771 ot
375 3711 506 3789 producti
532 3710 555 3769 i.
575 3727 600 3771 e.
628 3712 659 3772 in
681 3711 786 3792 quibus
812 3716 947 3774 oratores
967 3710 1130 3772 tractandis
1152 3711 1267 3774 multum

222 3814 334 3876 morari
362 3811 458 3873 solent
485 3815 514 3872 et
542 3829 596 3872 nec
618 3811 776 3892 derepente
800 3811 919 3872 assilire
939 3829 994 3874 nec
1014 3811 1190 3876 festinanter
1209 3811 1267 3873 dis·
1328 3813 1329 3858 l

223 3913 343 3987 cedere,
373 3910 410 3973 dc
438 3912 489 3974 Or.
511 3911 548 3974 Π.
570 3913 627 3989 53,
649 3915 720 3976 213.
764 3913 860 3978 Varro
887 3912 967 3994 apud
990 3913 1116 3976 Nonium
1142 3933 1171 3996 p.
1193 3915 1266 3976 392:

205 4019 364 4073 'coccinum
391 4015 529 4092 spissius,
558 4033 644 4102 qaum
672 4019 826 4086 morimur,
856 4015 878 4078 i.
902 4031 928 4076 c.
957 4020 986 4076 et
1013 4013 1099 4076 tarde
1125 4021 1155 4078 et
1180 4013 1264 4077 multo
1328 4015 1329 4020 ’

222 4113 337 4182 labore.

303 4215 454 4280 XXXVII.
501 4217 570 4279 139.
614 4216 750 4294 Aotoato]
772 4235 800 4282 u.
822 4215 962 4298 prolegg.
987 4214 1014 4300 5.
1034 4217 1085 4279 26.
