2660 4776
92 375 97 401 Ι
191 451 282 524 tes
350 441 500 515 susus
520 439 819 526 ELOQUENTIAE
840 439 944 512 Rom.
966 440 1077 511 illst.

193 619 363 686 consulibus
391 619 454 681 sire
483 633 560 680 anno
585 611 755 680 6616166114
781 613 821 678 ad
841 633 948 678 annum
969 617 1033 679 766
1054 616 1246 698 septuaginte'

193 723 251 786 duo
284 719 479 784 efficerentur.
527 717 603 781 Hinc
632 719 726 797 igitur
753 717 892 797 Scaliger
916 719 1048 780 natalem
1075 719 1245 782 Messallae
1297 792 1301 801 '

193 842 259 888 esse
279 821 343 888 uult
363 839 391 884 a.
409 819 471 883 685
477 865 487 896 ,
509 818 586 881 uude
607 817 646 880 ad
664 819 766 884 albi
782 825 840 894 tot,
864 826 935 900 quot
952 820 1119 902 posuimus,
1142 837 1244 882 unme—
1314 845 1315 908 3

191 932 304 990 rentur.
348 923 394 985 lta
420 937 505 983 error
523 919 647 983 Eusebii
673 937 709 982 co
739 921 916 997 continetur,
947 921 1027 1002 quod
1047 921 1144 982 natali
1166 938 1244 982 anno
1314 923 1315 928 ’

192 1024 358 1091 Messallae
385 1039 542 1104 perperam
569 1022 668 1102 posito
697 1029 816 1083 coactus
844 1030 889 1084 est
913 1023 1004 1086 vitam
1030 1023 1094 1084 eius
1120 1021 1243 1100 longius

190 1125 365 1211 producere.
416 1122 543 1186 Causam
575 1131 672 1185 autern
703 1123 815 1185 erroris
842 1123 1003 1186 Msssonus
1021 1119 1073 1202 (²⁶)
1104 1121 1244 1184 sollerter

192 1229 318 1310 aperuit.
362 1223 502 1288 Contudit
522 1224 598 1285 enim
617 1223 763 1286 Eusebius
786 1223 822 1300 Q.
843 1223 997 1287 Metellum
1014 1224 1150 1288 Celerem
1172 1239 1242 1286 con·

192 1330 286 1394 sulem
307 1346 335 1390 a.
358 1327 423 1390 694
444 1343 508 1388 cum
528 1326 563 1388 L.
581 1324 706 1388 Afranio
727 1333 756 1387 61
777 1325 813 1403 Q.
829 1325 984 1389 Metellum
1003 1324 1150 1389 Creticum
1170 1341 1246 1390 con·
1315 1323 1316 1340 ¹

191 1431 286 1495 sulem
317 1445 381 1490 cunr
407 1425 444 1503 Q.
471 1425 629 1488 Hortensio
659 1434 780 1489 oratore
813 1445 843 1490 a.
869 1425 944 1490 685.
992 1425 1053 1490 Sed
1078 1415 1243 1508 'pueritiam

192 1539 273 1594 certe
297 1529 404 1592 dudum
425 1545 577 1608 egressum
594 1545 659 1590 esse
682 1528 839 1610 oportebat
860 1545 946 1610 quem
961 1529 1107 1592 1116661161
1122 1530 1164 1590 ita
1180 1545 1242 1589 me-

191 1633 325 1707 tuebant,
344 1637 377 1692 ut
396 1628 638 1714 proscribendum
659 1625 885 1710 censereutff).
926 1629 989 1694 Nec
1009 1637 1078 1710 post
1097 1628 1242 1711 praelium

191 1733 382 1814 Philippense
407 1731 607 1810 duodeuiginti
640 1749 733 1793 annos
764 1731 844 1807 nati,
877 1729 903 1793 si
928 1730 1059 1794 Eusebio
1088 1731 1241 1806 credimus,
1316 1763 1317 1800 t

87 1915 97 1930 ·
192 1841 276 1896 tanta
301 1851 367 1896 esse
393 1832 475 1895 lerna
491 1833 601 1914 potuit,
625 1839 657 1893 nt
685 1831 821 1912 legiones
850 1839 894 1895 tot
910 1833 1064 1895 bonoratis
1085 1840 1114 1895 61
1135 1833 1241 1894 militie

193 1935 388 1998 iuratissimis
419 1929 528 2016 spretis
556 1935 633 1996 bunc
654 1933 837 2014 potissimum
864 1931 966 1996 ducem
994 1949 1097 1996 creare
1122 1934 1241 1999 uellent.

192 2035 255 2103 Sed
284 2045 328 2100 cst
351 2036 443 2116 longe
463 2035 573 2098 firmius
595 2040 797 2116 argumentum
816 2035 960 2097 ueritatis.
1002 2035 1078 2098 Nem
1098 2036 1130 2098 in
1153 2053 1242 2098 causa

192 2137 328 2202 Aufidiae
347 2135 460 2200 dixisse
475 2135 668 2212 Messallam,
689 2153 755 2197 curn
779 2133 980 2198 aduersarium
997 2135 1062 2202 Ser.
1079 2135 1241 2218 Sulpicium
1317 2213 1318 2224 ἶ

192 2239 266 2304 iuris
299 2239 461 2303 consultum
491 2237 635 2313 baberet,
665 2235 764 2298 multis
796 2235 970 2314 Quintiliani
1000 2237 1076 2301 locis
1107 2246 1241 2302 testatum
1317 2227 1318 2308 ἶ

191 2339 344 2405 babemus.
393 2337 456 2418 Sed
482 2337 558 2400 hanc
585 2355 705 2400 oausam
734 2344 802 2401 ente
828 2357 934 2402 sunum
961 2342 1024 2404 710
1052 2346 1149 2402 actam
1179 2355 1242 2402 esse

192 2447 325 2523 oportet,
345 2456 406 2521 quo
428 2438 518 2502 ltalia
537 2438 618 2503 bello
640 2439 803 2503 Mutinensi
824 2439 949 2504 ardebat
969 2449 999 2504 et
1019 2441 1169 2524 Sulpicius
1191 2458 1242 2504 ex·

192 2543 315 2605 stinctus
337 2547 391 2602 661.
424 2539 560 2602 Adfirmat
580 2541 669 2604 etiarn
686 2539 884 2618 Quintilianus
901 2560 994 2623 egere
1010 2545 1145 2626 coepisse
1160 2543 1241 2607 Mes-

192 2642 301 2705 sallam
323 2648 353 2702 et
372 2641 538 2704 Pollionem
555 2641 700 2708 Cicerone
721 2660 820 2708 arcem
841 2643 1026 2726 eloquentiae
1046 2651 1165 2708 tenente
1179 2639 1241 2724 (²⁸),
1318 2635 1319 2650 *

192 2741 225 2806 id
251 2749 296 2805 est
323 2749 390 2806 ante
410 2742 520 2805 bellom
539 2743 762 2820 Pharsalicum
793 2745 958 2826 quodcum
980 2747 1088 2830 erupit,
1120 2746 1176 2810 ille
1195 2763 1240 2810 sc·

193 2843 316 2906 cundum
335 2844 494 2908 Eusebium
515 2844 648 2907 undecim
669 2863 812 2909 annorum
833 2854 908 2911 erat.

276 2945 322 3008 De
352 2940 519 3010 Messsllae
549 2946 669 3010 intenta
707 2955 737 3010 et
766 2948 921 3010 literarum
957 2947 1061 3012 studiis
1092 2965 1243 3032 perpauca

193 3045 333 3108 sciuntur.
365 3047 483 3110 Gnltum
505 3047 581 3110 enim
595 3049 675 3110 omni
695 3049 887 3128 ingenuarum
904 3049 1009 3113 artium
1030 3067 1141 3129 genere
1153 3050 1244 3114 tuisse

193 3161 232 3209 ex
252 3145 420 3208 maturioris
443 3149 548 3209 aetatis
575 3149 717 3211 fructibus
740 3151 922 3230 colligimus,
946 3151 1002 3214 'sed
1021 3169 1118 3232 neque
1140 3151 1243 3234 quibus

193 3248 344 3326 magistris
378 3265 447 3310 usus
477 3249 517 3310 sit
547 3265 602 3311 neo
627 3267 702 3330 quos
725 3252 807 3314 uiros
834 3251 961 3333 exempli
987 3252 1127 3334 capiendi
1154 3271 1244 3316 censs

193 3346 273 3410 domi
287 3364 452 3430 peregreve
467 3355 629 3414 assectatus
645 3353 684 3416 sit
700 3354 899 3434 cognorimus.
933 3350 1085 3416 Ciceronis
1100 3346 1245 3436 inprimis

192 3448 286 3514 luisse
314 3447 474 3512 studiosum
501 3451 572 3514 olim
602 3453 742 3516 creditum
770 3463 828 3518 est:
857 3471 959 3518 uerum
979 3473 1040 3517 non
1061 3462 1160 3518 exstet
1186 3457 1245 3519 eius

192 3551 239 3614 rei
254 3552 449 3618 testimoninm
466 3561 587 3634 praeter
604 3555 776 3618 subditicios
792 3555 864 3618 illas
879 3555 920 3619 ad
934 3556 980 3620 M.
995 3556 1118 3622 Brutum
1135 3559 1244 3640 episto·

192 3649 250 3712 las.
289 3650 368 3712 lllut
387 3659 485 3716 166666
500 3654 606 3722 Cicero
627 3657 750 3720 tradidit
769 3665 917 3722 cumton
938 3675 1004 3722 esse
1018 3659 1158 3734 Albesis3
1179 3676 1244 3722 nant

193 3749 313 3812 colendi
325 3751 440 3832 ingenii
455 3771 563 3833 66666,
580 3767 706 3842 propter
719 3759 862 3824 incertam
874 3759 1015 3842 espancis
1025 3758 1242 3824 serbisfactsm

193 3851 240 3914 rei
266 3854 439 3918 mentionem
465 3857 615 3924 affirmare
642 3861 795 3924 nonlicet
810 3857 873 3942 (Β).
915 3861 1022 3926 Primis
1042 3869 1112 3944 post
1130 3861 1243 3944 Philip·

261 4014 309 4086 so)
326 4015 535 4098 vnaovrmp.
546 4024 588 4079 rr.
600 4023 750 4083 eanum.
837 4025 884 4095 66)
900 4027 1019 4098 66666.
1031 4020 1242 4080 moerore

192 4095 250 4154 nro
268 4099 378 4159 amru.
395 4104 497 4161 xurx.
517 4108 559 4164 so.
631 4110 692 4180 se)
715 4111 831 4172 muer.
848 4111 911 4170 xrr.
930 4113 978 4181 11,
994 4111 1037 4167 so.
1073 4109 1151 4170 outo
1167 4107 1242 4162 aure

192 4185 262 4240 stum
279 4189 414 4256 moverit,
438 4197 469 4246 ut
486 4193 687 4254 6679661666
704 4195 866 4259 Messallam
882 4205 1019 4274 poneret,
1041 4213 1100 4254 uon
1117 4193 1240 4253 dilndleo·

194 4265 241 4339 29)
265 4269 321 4328 (116.
339 4273 394 4329 Art.
411 4273 474 4334 Xll.
492 4276 536 4336 M.
