2660 4776
204 431 351 500 bativts
372 431 672 516 ELoQttsttttnti
694 431 796 502 ROM.
816 431 925 502 HlS'l'.
1008 437 1088 509 lts

132 603 301 670 Ciceronem
317 613 466 670 oratorem
476 605 679 670 Demosthenis
693 607 752 670 rim
769 625 828 670 non
843 623 908 669 esse
925 615 1090 672 assaoutom

59 706 236 769 uorsentiunt
278 706 372 768 Huius
404 707 479 768 anim
510 707 680 788 magnitudo
709 709 785 770 inest
818 708 850 769 iu
878 708 982 783 rebus,
1014 727 1088 789 quas

58 807 172 886 profert,
196 806 392 886 argumentis,
414 807 518 886 quibus
540 809 645 882 utitur,
671 807 851 888 ponderibus
872 809 1089 885 sententiarum,

59 907 150 985 pubes
165 907 353 970 adversarios
375 905 411 968 da
429 913 507 968 statu
527 907 625 970 deiioit
645 907 758 987 frangit
778 909 947 990 prosternit.
982 909 1088 973 dinero

59 1015 141 1068 antem
156 1006 322 1072 insaniendi
338 1006 486 1087 partiendi
503 1007 661 1071 memoriae
677 1009 802 1072 aetionis
817 1010 1002 1090 praestantia
1010 1009 1090 1074 lior·

59 1107 165 1168 tensium
187 1104 335 1172 Calidium
357 1107 480 1172 Caluum
496 1107 573 1170 ulios
589 1107 757 1188 aequalium
771 1109 890 1172 uinoere
904 1127 964 1172 non
979 1110 1089 1191 potuit:

59 1215 129 1268 erant
154 1207 229 1270 enim
255 1209 330 1270 baeu
357 1207 436 1289 apud
457 1207 547 1270 alium
573 1207 635 1270 alia
660 1209 923 1288 praestantissima.
966 1209 1089 1274 Duabus

58 1313 139 1368 autem
164 1309 255 1370 rebus
284 1325 383 1370 omnes
411 1309 570 1390 superarit.
613 1308 718 1372 Altera
743 1317 788 1372 est
813 1311 997 1391 praestantia
1024 1311 1090 1374 elo·

58 1409 180 1484 eudonis,
215 1425 266 1472 ars
295 1411 454 1474 sententias
484 1427 651 1477 numerose.
671 1409 864 1474 concludendi
894 1410 1000 1474 altera.
1043 1412 1090 1474 De
1192 1446 1211 1480 ,·

57 1509 144 1587 qubus
165 1509 324 1574 virtutibus
348 1528 412 1572 oum
432 1511 492 1572 iam
511 1511 650 1576 breubns
672 1510 897 1594 disputationes,
918 1512 967 1576 nio
986 1511 1089 1576 endem
1166 1502 1178 1522 '¹

57 1609 165 1672 iterandi
185 1610 273 1672 loous
295 1629 354 1674 non
375 1619 420 1674 est
433 1608 496 1692 (⁵⁸²).

126 1711 184 1774 Sed
207 1712 297 1774 etiam
318 1713 422 1776 aetatis
442 1714 578 1778 felicitati
600 1721 714 1795 partem
735 1714 854 1793 gloriae
874 1713 982 1777 debere
1003 1711 1089 1776 Cine-

57 1827 141 1874 ronen
165 1811 406 1892 significavimus.
449 1815 496 1880 Ea
520 1815 648 1880 felioitas
675 1833 735 1878 non
760 1823 804 1880 ost
831 1816 884 1880 otil
910 1825 940 1880 et
965 1823 1091 1897 puoatae

56 1913 182 1988 oiritatis,
216 1913 313 1993 qualis
342 1915 396 1976 snb
420 1916 554 1993 Augusto
582 1923 611 1978 et
638 1915 770 1980 Traiano
796 1917 868 1991 fuit,
896 1936 951 1980 neo
978 1934 1091 1979 morum

56 2013 165 2094 simplini
184 2015 357 2092 integritate
379 2015 618 2096 oonspiouorruu,
641 2015 744 2094 quales
766 2017 894 2096 Spartae
915 2017 986 2080 olim
1006 2017 1092 2078 inere

56 2121 78 2174 et
90 2115 195 2178 Romae
219 2115 375 2192 rigebant,
399 2114 491 2177 donee
513 2115 631 2194 imperii
652 2116 824 2196 impotentia
846 2116 927 2178 orbis
944 2121 1092 2176 terrarum

55 2213 171 2280 dommus
193 2216 336 2296 eorrupit.
368 2214 429 2278 Sed
450 2215 554 2278 merito
574 2213 744 2278 lelioitatem
763 2214 909 2296 quandam
929 2223 1093 2295 temporum

56 2315 128 2380 ineo
150 2318 354 2397 agnoscimus,
377 2315 457 2401 qnod
477 2315 597 2390 Gieero,
619 2333 683 2378 oum
706 2324 783 2378 esset
804 2316 1008 2398 onpidissimns
1030 2315 1092 2378 dis·

56 2417 139 2492 uendi,
167 2425 281 2480 tautam
302 2417 469 2497 cupiditatis
491 2417 655 2498 explendae
682 2417 832 2480 materiem
859 2419 986 2499 reperit,
1014 2433 1093 2498 quae

56 2534 103 2578 nun
120 2526 252 2600 pateret,
280 2519 306 2580 si
325 2519 425 2580 seculo
447 2519 530 2599 prior
550 2517 669 2592 inisset3
698 2518 777 2598 quod
799 2520 919 2600 ingenio
940 2517 1092 2582 ualidissi-

57 2635 106 2678 mus
136 2621 227 2682 etiam
256 2619 373 2680 nolendi
402 2619 515 2698 ingenii
543 2618 721 2704 uberrimam
751 2620 866 2699 oopiam
898 2627 1001 2682 nactus
1030 2625 1093 2693 est;

57 2719 122 2796 qood
153 2719 354 2783 ostendendae
383 2717 584 2800 praestantiae
612 2719 644 2779 in
674 2720 807 2782 maximis
839 2721 936 2782 causis
968 2718 1093 2798 agendis

21 2901 22 2904 Ἴ
57 2823 220 2902 summisque
245 2820 450 2900 reipublicae
472 2817 686 2879 discriminibus
713 2827 824 2881 tantam
844 2820 1017 2880 facultatem
1037 2818 1092 2878 ad·

57 2927 124 2998 uptus
147 2929 209 2984 est:
233 2919 358 3000 denique
374 2917 453 2998 quod
474 2935 510 2980 eo
527 2917 627 2978 seoulo
650 2935 717 2990 ars,
740 2919 788 2980 oui
809 2935 841 2979 se
857 2925 949 2980 totum
968 2917 1092 2990 mearat,

57 3021 180 3084 studiosis
203 3027 287 3081 tauta
308 3018 480 3107 diligentiae
498 3016 632 3096 praemia
653 3015 805 3079 reddebat.

123 3125 287 3185 Asseeutus
319 3119 412 3196 igitur
439 3123 498 3191 est,
518 3122 566 3176 *ut
596 3133 702 3179 nomen
732 3117 825 3198 ipsius
858 3117 896 3178 ab
923 3114 1093 3196 eloquentia

58 3222 158 3302 seiungi
188 3237 248 3282 non
274 3225 395 3299 posset,
418 3226 447 3281 et
472 3235 537 3280 oum
558 3219 726 3299 aequalium
753 3235 880 3298 pausos,
907 3227 1094 3299 posterorum

57 3321 143 3398 liures
160 3322 376 3386 obtreotatores
396 3319 547 3394 babuerit,
570 3337 658 3382 sanos
676 3325 705 3380 et
720 3317 878 3400 prudentes
900 3319 973 3382 artis
990 3317 1095 3382 existi-

57 3431 172 3488 matores
202 3419 320 3484 eosdem
350 3419 396 3482 sui
422 3419 616 3484 admiratores
648 3419 768 3500 reperit.
817 3418 878 3483 Sed
907 3437 966 3483 non
997 3418 1094 3481 solum

58 3525 178 3605 exemplo
209 3539 263 3584 sno
290 3525 383 3582 artem
410 3521 508 3595 auxit,
538 3520 591 3583 sed
614 3521 704 3583 etiarn
726 3518 875 3593 doctrina,
904 3535 1000 3598 eaque
1029 3534 1094 3580 oum

57 3623 161 3704 seriptis
177 3631 239 3685 tum
256 3639 309 3684 ore
328 3638 393 3682 oum
408 3621 586 3684 dissentibns
603 3619 823 3682 communicata.
856 3618 1093 3698 Sigoiboarimns

60 3723 125 3784 enim
147 3731 241 3786 artem
262 3739 344 3784 suam
366 3713 503 3785 Gioeroni
523 3727 678 3802 tantopere
705 3717 789 3782 oordi
809 3718 915 3796 inisse,
945 3727 978 3782 ut
1003 3735 1094 3800 prae-

58 3825 148 3886 stantis
168 3823 282 3903 ingenii
303 3821 506 3886 adolescentes
528 3822 615 3902 quasi
637 3819 829 3888 suaelandis
857 3837 1043 3884 suceessores
1065 3824 1095 3880 et

58 3925 176 3988 aemulos
196 3923 363 4004 praeceptis
383 3923 554 3986 instruxerit
574 3929 603 3984 et
621 3929 746 3984 naturae
762 3939 863 3984 eorum
883 3921 1020 3984 uirtutem
1038 3933 1094 3980 sna

57 4023 152 4098 peritia
172 4023 315 4087 adiuuare
335 4022 471 4088 voluerit.
515 4023 591 4086 linio
612 4023 705 4102 igitur
729 4020 849 4086 (laelius
872 4017 962 4084 Gauio
984 4017 1094 4080 Brutus

58 4156 252 4173 ἣ.-

118 4236 160 4304 m)
186 4237 208 4307 p.
226 4235 270 4290 sn.

848 4285 885 4397 'e
