2676 4774
209 497 258 546 ιιι
581 439 881 541 ra'nnnnrto.

209 645 311 712 literis
336 643 462 710 minutis
490 640 653 710 exhibetur
680 641 784 710 medio
813 642 894 710 inter
918 640 1018 710 verba
1039 639 1254 711 Ciceronis&

210 763 441 830 annotationem
462 763 603 828 criticam
623 762 705 829 loco.

293 879 441 967 Sequitur
460 899 566 946 rernm
585 889 616 946 et
635 877 801 956 verborum
823 877 1075 966 explicandorum
1089 899 1253 947 commen-

207 1000 306 1066 tarius
327 1001 429 1066 miuus
452 1001 599 1085 copiosus
626 1017 719 1085 quam
740 999 943 1063 necessarius
971 1005 1002 1064 et
1023 999 1168 1086 scriptori
1189 999 1252 1066 soli

207 1137 299 1204 quam
331 1117 517 1184 brevissime
549 1115 618 1182 fieri
647 1118 801 1204 potuisset
832 1115 1018 1202 explicando
1052 1119 1252 1197 constitutus;

206 1255 270 1322 qua
297 1235 335 1300 de
359 1253 457 1301 causa
478 1235 572 1300 ctiam
594 1236 728 1320 quaein
754 1236 985 1302 commentariis
1006 1237 1124 1302 criticis
1146 1245 1176 1302 et
1198 1256 1253 1302 ex-

204 1351 374 1440 plicatione
404 1351 556 1418 libromm
585 1352 624 1418 dc
649 1349 781 1419 Oratore
807 1351 949 1440 pluribus
978 1363 1142 1420 exsecutus
1165 1375 1252 1421 cram

204 1470 305 1537 verbo
337 1479 422 1537 tacta
453 1472 622 1538 transmisi.
671 1469 760 1550 Quae
793 1471 911 1538 inserui
941 1469 1066 1556 Meyeri
1092 1482 1123 1538 et
1152 1471 1253 1540 Beru-

205 1587 319 1673 bardpi
347 1597 505 1672 annotata
521 1589 574 1656 uel
594 1588 751 1655 refutandi
769 1589 821 1655 vel
844 1590 1038 1656 assentiendi
1059 1610 1172 1668 causa,
1200 1591 1252 1657 his

204 1725 319 1773 nomen
351 1709 488 1774 auctoris
520 1707 671 1792 religiose
706 1706 823 1772 addidi.
857 1705 989 1773 ¹Horum
1020 1706 1057 1772 V.
1086 1705 1125 1772 D.
1152 1707 1253 1776 Bern-

204 1824 306 1911 hardy
336 1826 376 1892 ad
398 1824 525 1891 Brutum
552 1835 638 1892 recto
665 1823 902 1910 intelligendum
923 1824 1086 1912 plurimum
1108 1826 1251 1907 contulit3
1281 1909 1292 1926 .

205 1944 238 2008 in
259 1963 294 2010 ro
319 1946 430 2011 critica
452 1952 552 2009 autem
578 1941 703 2028 Meyeri
724 1941 830 2009 vorbis
851 1943 1046 2027 castigandis
1068 1965 1159 2030 quam
1183 1947 1252 2012 suis

203 2062 338 2128 inventis
360 2059 615 2130 commendandis
637 2061 762 2127 felicior
779 2060 901 2127 videtur
922 2061 1033 2127 fuisse.
1071 2060 1137 2128 Sed
1158 2083 1249 2130 meae

203 2178 349 2246 editionis
369 2181 485 2266 prioris
505 2179 694 2246 uersiculum
712 2199 752 2244 no
773 2199 868 2243 unum
890 2179 1014 2264 quidem
1033 2182 1161 2260 retinui3
1184 2191 1252 2248 tcta

205 2299 286 2362 enim
309 2299 411 2362 minus
434 2297 601 2363 elaborata
621 2293 733 2362 ethac
756 2305 857 2362 aetate
879 2299 1098 2385 propemodum
1119 2299 1253 2386 indigna

202 2414 381 2492 uidebatur,
404 2423 437 2480 ut
458 2415 640 2480 memoriam
662 2415 766 2500 operis
788 2413 925 2482 inchoati
951 2426 982 2483 ct
1001 2417 1088 2484 rudis
1104 2429 1251 2504 quantum

202 2532 271 2598 deri
292 2541 399 2620 posset
418 2531 590 2610 tollendam
612 2534 832 2598 existimarem.

290 2647 356 2715 Sod
392 2649 430 2716 de
457 2649 698 2738 orthographiae
726 2651 864 2729 ratione,
895 2670 988 2736 quam
1016 2661 1143 2720 secutus
1171 2675 1250 2734 sum,

202 2787 306 2856 pauca
329 2767 460 2834 addam:
494 2767 637 2853 intelligo
666 2773 749 2834 enim
776 2769 863 2846 fore,
892 2778 924 2832 ut
944 2767 1017 2834 aliis
1045 2771 1252 2840 innovanda

203 2889 357 2975 scriptura
385 2889 467 2953 iusto
493 2887 620 2972 longius
644 2904 847 2974 progressus,
877 2884 950 2950 aliis
978 2889 1011 2950 in
1033 2889 1137 2955 medio
1158 2894 1250 2976 quasi

203 3025 296 3072 cursu
315 3005 492 3072 substitisse
510 3005 629 3071 videar.
671 3003 752 3070 Nam
774 3013 804 3070 et
827 3001 867 3068 ab
889 3021 996 3069 eorum
1016 3005 1131 3072 inertia
1152 3008 1251 3095 pluri-

202 3143 283 3188 mum
306 3123 431 3202 absum
453 3125 506 3210 qui
524 3123 670 3216 quicquid
690 3143 859 3208 perversae
878 3123 1110 3190 consuetudinis
1131 3125 1172 3190 ad
1190 3146 1251 3194 uos

200 3241 353 3328 perlatum
386 3251 435 3306 cst
467 3222 615 3304 intactum
648 3241 770 3304 servari
802 3239 934 3319 malunt,
967 3251 998 3308 et
1027 3262 1047 3307 a
1075 3245 1251 3311 temeritate

202 3379 309 3426 eorum
326 3360 489 3440 seiungor,
509 3357 561 3442 qui
579 3353 724 3423 Ciceroni
741 3356 906 3427 obtrudunt
922 3362 1067 3446 quicquid
1084 3361 1251 3430 obsoletae

200 3478 364 3544 vetustatis
381 3484 486 3540 notant
507 3493 583 3560 prae
607 3495 641 3540 se
655 3475 733 3562 lert.

286 3593 322 3658 In
354 3612 474 3658 summa
507 3579 589 3658 cuim
620 3593 771 3661 librorum
806 3597 1017 3661 inconstantia
1045 3603 1116 3661 sunt
1143 3605 1252 3664 tamen

200 3710 300 3778 verba
319 3711 368 3777 'ct
400 3711 564 3778 verbomm
596 3711 736 3791 formas,
774 3713 808 3777 in
840 3712 952 3799 quibus
985 3711 1161 3780 scribendis
1197 3725 1254 3782 aut

201 3848 310 3897 omnes
333 3838 385 3896 aut
405 3829 527 3917 plurimi
550 3841 603 3898 ant
623 3832 744 3917 optimi,
774 3831 803 3896 si
823 3851 885 3898 non
901 3829 1030 3916 ubique,
1054 3839 1086 3896 at
1105 3830 1253 3918 plurimis

200 3949 282 4016 locis
299 3942 492 4037 conspirent3
520 3948 705 4035 adquorum
722 3948 814 4016 fidem
832 3969 899 4015 cum
918 3950 999 4015 ratio
1021 3957 1051 4014 et
1067 3952 1253 4018 testimonia

199 4077 338 4134 veterum
358 4071 434 4135 artis
458 4069 641 4155 scriptorum
664 4068 828 4147 accedunt,
850 4067 955 4134 omnia
972 4066 1013 4132 ad
1031 4067 1163 4134 eundem
1180 4089 1252 4137 mo-

201 4186 272 4252 dtnn
302 4161 536 4264 constituenda,
566 4181 779 4275 discrepantia
805 4185 994 4270 corrigenda
1016 4193 1096 4252 suut.
1115 4275 1118 4282 r
1138 4183 1187 4253 lix
1210 4209 1252 4256 co

201 4323 318 4388 genere
335 4313 406 4370 stunt
424 4307 596 4374 accusativi
609 4305 741 4393 pluralis
758 4294 915 4372 nominum
929 4305 1043 4372 tertiae
1060 4303 1252 4374 declinatio-
