2660 4776
199 389 348 462 uncus
368 385 666 476 succensuisti
685 391 789 464 ROM.
810 393 920 465 nisu.
998 397 1082 470 m

53 563 147 630 seer.
167 563 299 646 Sulpicio
325 565 426 629 didicit
455 574 484 630 et
511 567 696 650 philosophis
721 585 759 631 ea
779 575 878 632 aetate
909 567 1081 634 clarissimis

51 683 109 729 sese
129 667 289 748 sapientiae
308 669 475 750 praeceptis
494 667 679 732 imbuendum
698 669 835 747 tradidit,
856 671 983 734 maxime
1001 673 1081 736 Aea·

51 766 172 842 danicis,
193 785 316 842 onomm
334 770 495 851 principem
511 771 640 834 mutum
658 770 795 834 heredem
811 772 989 835 Academiae
1009 773 1084 838 dixit

51 867 143 932 dicero
155 865 222 950 (θὴς
241 868 395 932 sedetiam
407 872 580 934 Antiochum
600 871 802 936 Ascalonitam
818 879 847 936 et
857 874 1083 936 Theomnastum

49 970 229 1034 Academicos
250 969 467 1053 etdretippum
488 973 715 1054 Peripateticum
735 973 774 1036 ah
796 993 832 1039 eo
854 974 970 1038 auditos
989 975 1084 1038 refert

49 1070 210 1135 Plutarchus
227 1066 291 1152 (⁸⁶).
335 1072 508 1155 Quanquam
533 1082 602 1156 post
623 1075 791 1138 Stoicorum
815 1076 928 1158 placita
953 1076 1083 1139 teresse

49 1171 86 1236 lc.
96 1172 212 1236 catonis
229 1175 366 1238 aruncudi
380 1175 544 1258 exemplum
561 1176 708 1240 aemulato
723 1178 819 1256 magis
837 1178 975 1240 arrisere.
1007 1177 1081 1240 Elo-

49 1275 143 1353 quendi
169 1283 268 1338 eutem
293 1277 461 1358 praeceptis
490 1283 519 1339 et
539 1275 730 1342 declamando
752 1279 931 1342 exercitatus
954 1279 1083 1341 al'ams

48 1391 120 1437 ncne
130 1375 257 1456 quodam
271 1377 353 1440 illins
364 1379 470 1442 aetatis
482 1379 661 1446 Graecorum
676 1376 873 1444 eruditissimo
884 1375 1082 1456 traditurffl).

48 1475 140 1538 Latine
166 1478 262 1557 igitur
283 1477 487 1544 declamitasse
513 1497 573 1546 non
592 1481 709 1546 ridetur
734 1482 843 1546 ueteris
864 1477 1083 1544 consuetudinis

48 1582 137 1656 tenan;
164 1597 220 1644 nec
249 1579 288 1643 ad
318 1582 481 1664 exemplum
503 1583 654 1648 Ciceronis
683 1582 816 1647 donidius
846 1589 875 1646 et
893 1581 1014 1644 uberim
1035 1579 1082 1642 di·

48 1677 121 1742 cendi
146 1697 257 1759 genus,
290 1681 343 1744 sed
369 1683 497 1764 priscam
521 1684 737 1765 simplicitatem
764 1685 979 1764 sanitatemque
1004 1681 1083 1744 Atti-‘-

47 1794 135 1844 corum
153 1791 286 1846 ueterum
307 1789 434 1846 sectatus
454 1791 507 1848 est.
538 1783 577 1848 Et
596 1786 653 1848 hoo
675 1791 733 1861 eat,
755 1784 834 1867 quod
852 1784 958 1848 Gicero
980 1787 1010 1842 et
1031 1780 1084 1860 qui

46 1877 120 1944 iuius
140 1883 280 1946 iudicium
296 1891 457 1964 sequuntur
479 1885 511 1946 in
524 1885 617 1948 Bruto
637 1885 862 1968 reprehendunt.
894 1883 951 1946 llle
966 1879 1084 1961 quiden

20 1991 21 2012 ³
46 1979 168 2060 pluribus
184 1985 262 2048 locis
282 1983 431 2064 significet
452 1985 534 2048 alind
548 1987 621 2061 sibi,
644 1986 727 2048 aliud
741 1987 835 2050 Bruto
857 1981 973 2046 dicendi
988 1989 1084 2060 genus

46 2080 237 2165 placere(⁸⁸):
265 2086 344 2166 quod
368 2085 460 2166 quale
480 2084 571 2148 inerit
597 2103 662 2146 cum
682 2084 816 2159 aliunde,
842 2090 903 2144 tum
930 2099 968 2144 ex
989 2081 1083 2156 Quin·

46 2181 131 2246 tiliani
151 2187 253 2250 rerhis
268 2186 442 2267 quibusdam
457 2181 510 2265 (Β)
530 2186 659 2265 intelligi
676 2191 785 2266 potest.
816 2183 873 2246 llio
891 2182 966 2244 eninr
986 2180 1083 2259 megia

47 2282 243 2368 philosophum
264 2287 359 2350 fuisse
384 2305 472 2367 quem
493 2294 641 2350 oratorem
661 2286 773 2348 iudicat
796 2292 825 2346 et
844 2284 875 2346 in
895 2283 960 2346 illo
972 2296 1084 2362 genere

47 2392 185 2450 auctorent
207 2389 505 2470 praestantissimum,
530 2387 609 2469 quod
629 2395 712 2452 recta
733 2404 792 2448 neu
813 2383 899 2448 modo
920 2383 1084 2464 scriptasit,

45 2484 91 2544 sed
104 2487 146 2548 ite
160 2489 330 2570 scripserit,
351 2497 383 2552 nt
399 2491 525 2552 animum
539 2497 766 2571 praeceptorum
781 2487 906 2568 plenum.
922 2493 951 2547 et
966 2486 1083 2567 penitus

44 2582 172 2651 inlutum
190 2607 265 2670 prae
281 2591 411 2654 celerat.
439 2590 598 2672 Gouspirat
614 2591 744 2652 oumhoc
755 2589 880 2651 manime
891 2580 1084 2666 seneosdhs

44 2701 103 2748 nam
122 2707 189 2751 cum
203 2696 429 2751 somettsoteoom
451 2691 513 2752 eius
530 2692 727 2771 eloquentiam
747 2697 849 2763 uocat,
872 2687 951 2770 qnod
967 2689 1084 2750 minime

45 2798 205 2872 corruptum
222 2799 281 2866 est,
301 2799 334 2852 ut
350 2791 535 2870 Schultingio
553 2792 580 2852 e
595 2793 720 2870 Meyero
733 2791 829 2854 risum
844 2807 874 2869 p.
885 2789 964 2861 445,
986 2803 1085 2850 mores

45 2897 148 2968 spectat
165 2892 259 2972 quasi
281 2889 337 2952 diis
359 2891 473 2953 dicetos
497 2899 526 2952 et
546 2899 684 2970 acceptos
710 2895 833 2970 propter
853 2888 1085 2962 sancdnnoniam,

45 3006 160 3067 querum
189 2993 291 3069 imago
319 2992 351 3051 in
379 2991 561 3052 orationihus
589 3007 732 3070 expressa
759 2995 865 3066 esset,
886 2985 968 3050 lieec
993 2987 1087 3068 paulo

45 3089 212 3154 inuidiosius
237 3089 349 3152 iudicet
368 3091 449 3171 Aper
472 3089 504 3151 in
524 3088 654 3168 dialogo
669 3088 708 3150 de
728 3087 896 3150 oratoribus
911 3083 982 3166 (⁹¹),
1006 3089 1086 3150 Bru·

44 3197 94 3253 tum
113 3191 327 3275 philosophiae
343 3208 415 3253 suae
434 3189 656 3272 relinquendum
677 3207 812 3252 censens:
833 3207 902 3252 nam
919 3189 950 3250 in
972 3189 1096 3252 stratio·¹

45 3292 119 3355 nihns
139 3292 224 3356 sarna
244 3293 385 3355 minorem
404 3309 470 3356 esse
490 3293 578 3356 etiem
596 3292 789 3354 admiratores
808 3292 872 3353 eius
892 3289 991 3352 lateri.
1024 3285 1087 3352 Sed

45 3389 200 3474 inprimis
227 3395 328 3472 granis
349 3401 409 3470 est,
437 3411 500 3456 cum
528 3395 679 3456 orationes
705 3392 864 3474 perierint,
893 3390 933 3454 ad
956 3389 1087 3452 indolem

46 3493 228 3575 eloquentiae
248 3495 333 3556 Bruti
353 3493 575 3574 intelligendum
597 3495 738 3576 epistola,
764 3510 842 3573 quae
866 3491 943 3554 inter
963 3490 1086 3554 cicero-

45 3594 141 3668 nianus
162 3595 205 3670 ,ad
225 3595 366 3668 Diuersus
387 3597 497 3676 legitur
523 3595 596 3658 libri
615 3593 761 3656 undecimi
781 3592 879 3654 tentia.
920 3590 968 3654 Ee
989 3588 1087 3652 Cassii

47 3695 139 3772 simul,
163 3697 215 3776 quui
235 3697 355 3775 college
367 3697 453 3758 Bruti
474 3704 553 3771 erat,
574 3696 691 3758 nomine
711 3694 822 3774 scripte
839 3698 897 3767 est,
919 3690 971 3754 sed
992 3691 1086 3757 meni·

46 3793 115 3858 testo
141 3797 227 3859 huius
253 3815 369 3859 menum
395 3815 469 3880 pree
493 3813 529 3859 se
553 3795 631 3870 iert3
659 3797 694 3857 et
718 3813 778 3858 non
804 3793 843 3856 ad
864 3793 1014 3856 consulem
1039 3792 1086 3854 rei

47 3899 248 3917 R-——uuq--n-n-

110 3960 155 4029 ee)
180 3960 236 4016 ccc.
257 3959 338 4016 Brut„
355 3961 403 4028 or,
421 3960 479 4015 eon.
510 3957 545 4014 cs.
569 3957 619 4025 er,
637 3958 696 4014 reo.
724 3958 775 4024 ec,
794 3954 852 4014 rso.
938 3953 985 4019 ec)
1011 3953 1086 4006 prus.

48 4041 120 4100 Brut.
133 4046 158 4100 n.
174 4055 202 4100 ee
215 4045 256 4100 ss.
343 4044 389 4113 en)
407 4045 462 4101 etc.
476 4043 611 4112 eruces,
624 4043 684 4100 aee.
770 4041 817 4108 ee)
836 4038 893 4094 cuc.
906 4034 955 4092 or.
969 4035 1013 4100 nl,
1024 4033 1086 4090 2³⁷·

48 4128 98 4184 se.
112 4130 184 4186 xlv.
199 4130 242 4187 eo.
265 4131 329 4186 xv.
344 4131 369 4186 1.
455 4129 501 4197 eo)
520 4127 613 4187 eutnt.
628 4129 663 4186 nu
677 4128 710 4197 1,
723 4125 781 4182 rso.
868 4121 915 4190 ec)
934 4117 1085 4177 senoen-

50 4216 115 4268 trov.
131 4213 165 4273 V.
186 4215 210 4270 l.
228 4233 257 4286 p.
274 4215 327 4272 328
341 4215 407 4287 Bip.
491 4213 538 4281 cl)
562 4229 586 4268 o.
603 4211 646 4268 Ἡ.
1076 4259 1082 4267 .
