2646 4772
251 375 343 448 310
643 363 905 442 CICERONIS

254 565 275 612 a
296 548 379 612 uitae
402 541 556 631 periculo,
578 545 607 608 si
628 542 751 610 accedit
772 541 865 608 labor
885 551 917 608 et
937 539 1069 608 interum
1092 559 1210 626 magna
1225 561 1287 607 oon-

252 665 359 730 tentio.
401 680 502 748 eoque
522 661 626 746 magis
647 659 708 728 hoc
729 679 803 738 eos,
831 657 944 745 quihus
968 677 1055 726 eram
1076 677 1187 736 curus,
1216 678 1286 726 com-

253 779 415 857 movebat,
448 779 531 867 quod
563 779 670 847 omniu
701 779 770 844 sinc
796 779 1003 854 remissione,
1036 778 1105 844 sine
1138 781 1286 852 vametute,

253 900 285 964 ui
311 916 432 964 summu
459 898 549 965 vocis
578 907 610 964 et
636 899 731 964 totius
760 898 902 984 corporis
925 897 1121 964 contentione
1148 894 1287 962 dicebam.

253 1013 326 1082 stt.
354 1013 463 1103 itaque
490 1035 559 1083 cnm
587 1035 636 1082 me
665 1025 696 1081 et
717 1016 811 1082 amici
837 1025 869 1082 et
889 1015 1002 1081 medici
1030 1013 1240 1090 hortarentur,
1264 1021 1289 1078 ut

254 1153 370 1202 causas
400 1153 496 1221 agere
523 1133 724 1210 desisterem,
752 1132 884 1219 quodvis
911 1135 1014 1218 potius
1034 1131 1208 1220 periculum
1227 1130 1288 1196 nihi

256 1252 432 1320 adeundum
465 1272 558 1340 quarn
592 1271 613 1320 a
645 1261 773 1338 sperata
798 1251 922 1318 dicendi
948 1250 1054 1336 glorio
1080 1249 1288 1318 discedendum

254 1373 367 1458 putavi.
418 1369 485 1436 Sed
516 1391 586 1438 cum
618 1389 779 1438 censerem
812 1371 999 1436 remissione
1031 1377 1062 1436 et
1087 1369 1288 1436 moderatione

254 1490 344 1554 vocis
366 1497 400 1556 et
419 1499 604 1556 commutato
625 1507 742 1572 genere
761 1487 951 1554 dicendine
969 1487 1288 1574 etpericulumuitere

255 1623 350 1692 posse
383 1615 413 1672 et
445 1608 644 1695 temperatius
678 1605 808 1683 diceres
831 1617 864 1671 ut
895 1605 1151 1672 consuetudinem
1180 1602 1288 1672 dicendi

255 1733 421 1802 mutarem,
445 1743 485 1792 eu
507 1745 605 1792 cause
627 1723 702 1790 mihi
724 1726 756 1790 in
778 1724 888 1790 Asinus
909 1723 1127 1812 proficiscendi
1143 1723 1211 1790 suit.
1240 1720 1289 1787 ita-

254 1860 315 1928 que
343 1863 411 1910 cum
442 1863 546 1910 essem
572 1843 731 1910 biennium
757 1853 902 1908 uersatus
928 1843 960 1908 in
988 1845 1095 1912 causis
1121 1853 1152 1908 et
1179 1841 1289 1908 iunio

256 1957 325 2026 foro
348 1960 538 2028 celebratum
560 1979 660 2026 meum
677 1979 789 2026 nomen
807 1971 908 2037 esset,
931 1959 1033 2026 Roma
1050 1980 1118 2027 sum
1133 1960 1287 2048 profectus.

255 2077 329 2144 ets.
357 2077 434 2145 Cum
457 2081 614 2146 venissem
636 2077 795 2156 Athenas,
824 2099 881 2145 sex
908 2099 1033 2144 menses
1055 2098 1124 2145 cunr
1146 2076 1290 2144 Antiocho

255 2198 371 2262 veteris
401 2197 595 2264 Academiae
627 2195 835 2264 nobilissumo
868 2207 898 2263 et
923 2196 1175 2284 prudentissume
1203 2195 1291 2284 philo-

255 2313 354 2400 sopho
381 2313 426 2380 iui
448 2314 641 2401 studiumque
664 2313 882 2402 philosophiae
908 2334 1064 2402 nunquam
1092 2317 1290 2382 intermissum

258 2435 466 2520 uprimaque
494 2432 710 2500 adolescentie
738 2432 853 2500 cultum
881 2443 912 2499 et
943 2427 1219 2521 senpsr‘auctum
1242 2431 1291 2498 hoc

256 2567 365 2617 rursus
386 2571 505 2619 summo
525 2559 653 2618 auctore
675 2560 706 2618 et
722 2550 850 2620 doctore
872 2553 1031 2620 renovavi.
1059 2547 1182 2620 Eodem
1202 2563 1291 2618 tamen

256 2679 393 2758 tempore
418 2669 552 2736 Athenis
580 2668 662 2758 opud
682 2667 872 2736 Demetrium
894 2667 1009 2754 Syrum
1029 2679 1169 2738 ueterem
1190 2681 1222 2737 et
1241 2687 1290 2734 non

256 2787 427 2874 ignobilem
457 2787 581 2856 dicendi
609 2789 794 2874 magistrum
819 2788 958 2856 studiose
986 2791 1129 2856 exerceri
1150 2787 1289 2885 solebam.

255 2903 331 2974 Post
361 2927 381 2974 a
411 2927 459 2974 me
481 2906 561 2974 Asia
585 2915 652 2974 totu
672 2916 842 2994 peragrato
867 2917 916 2974 est
937 2927 1006 2976 cum
1029 2909 1158 2976 summis
1181 2905 1290 2994 quidm
1309 2977 1310 2986 ἵ

257 3107 386 3176 medus]
402 3108 442 3164 sic
454 3107 497 3164 ed.
509 3126 551 3179 pr.
567 3116 595 3162 et
607 3107 670 3162 iibri
683 3107 820 3178 pierique3
839 3109 954 3166 accidit
964 3107 1013 3182 hg.
1027 3109 1125 3166 Scour.
1138 3108 1182 3166 70.
1202 3107 1249 3164 Gn.
1261 3105 1289 3164 l.;

257 3193 401 3257 accedat,
420 3201 449 3248 ut
466 3191 561 3248 anh.
581 3211 606 3246 u.
626 3191 717 3259 1584,
736 3191 787 3265 hg.
803 3193 846 3248 20.
907 3240 909 3247 .

326 3277 389 3334 ott,
423 3295 442 3332 o
457 3279 590 3350 ψεναία]
609 3295 719 3351 orpora
733 3277 784 3334 Gu.
799 3278 823 3334 i.
837 3278 1113 3348 ..osroenorum
1129 3276 1290 3334 discretim

257 3361 308 3420 Gu.
330 3362 353 3418 i.
383 3361 603 3418 desciscendum
620 3363 766 3434 proposuit
782 3361 864 3430 Ern.;
883 3365 950 3418 sutis
966 3363 1121 3420 infeliciter.
1139 3395 1176 3406 -
1198 3371 1291 3433 tempu

253 3448 364 3516 ratius]
383 3452 597 3521 temperantius
615 3448 665 3520 hg.
683 3437 725 3504 53.
744 3478 780 3488 --
802 3449 964 3518 mutarem]
983 3453 1133 3505 mutarim
1150 3448 1202 3522 hg.
1220 3448 1244 3502 8.
1258 3443 1290 3498 39.

254 3533 296 3587 st.
314 3531 356 3589 56.
374 3533 416 3590 58.
444 3531 515 3589 Ven.
536 3533 558 3590 1.
579 3564 614 3574 -
644 3531 803 3602 dicuntum]
829 3531 948 3588 ttennto
975 3533 1025 3606 hg.
1043 3533 1087 3589 20.
1105 3564 1143 3576 -
1175 3541 1205 3590 et
1230 3527 1290 3595 tao]

256 3619 349 3674 ettam
367 3617 410 3672 ed.
427 3635 469 3688 pr.
497 3622 636 3674 etiamst
654 3618 707 3674 Gu.
725 3618 802 3673 1.-
825 3618 945 3687 omnen]
963 3635 1016 3673 onu
1036 3618 1089 3676 Gn.
1108 3619 1131 3674 1.

323 3700 383 3756 315.
418 3701 623 3773 nodtttssomo]
651 3703 691 3760 sic
714 3702 767 3776 Lg.
790 3703 816 3760 8.
841 3703 883 3760 ot.
908 3703 950 3758 53.
982 3700 1040 3762 Ott.
1072 3704 1158 3759 iidem
1180 3700 1290 3776 prr-edm

256 3787 390 3842 tiorum
403 3817 437 3828 —
453 3785 575 3858 spem]
594 3786 718 3860 sputum
729 3787 824 3844 humb.
841 3806 866 3844 e.
881 3787 948 3844 1584
965 3797 994 3846 et
1006 3789 1098 3860 piacet
1113 3786 1240 3853 Orelli03
1256 3783 1290 3855 uti
1307 3859 1308 3866 ἵ

248 3885 318 3928 vututur
333 3871 448 3931 mimos
471 3872 597 3928 rhetores
613 3874 725 3944 probet,
749 3890 805 3932 uon
824 3872 907 3929 video
931 3875 1024 3944 quidni
1042 3877 1125 3930 etium
1143 3874 1249 3945 Syrum.
1264 3895 1288 3908 -·
1307 3869 1308 3882 ¹

256 3953 433 4026 tutemus]
454 3955 611 4014 libentibus
627 3959 670 4014 ed
688 3975 730 4030 pr.
757 3955 925 4016 tuteotttos
943 3958 1011 4014 Veu.
1031 3960 1070 4026 1.;
1096 3960 1289 4031 scriptumne

247 4043 403 4100 vnrorshiits⁰
418 4071 455 4086 ··-
477 4059 532 4100 rtec
548 4045 740 4118 ineptiarum]
758 4050 788 4098 et
805 4049 895 4117 tocpt.
912 4041 983 4100 Nor.

323 4121 383 4183 eto.
423 4127 558 4200 Orrtdtus]
574 4130 696 4202 pntdtues
715 4129 757 4184 ed.
772 4145 814 4202 pr.
835 4127 887 4201 Lg.
906 4145 1016 4196 omues,
1034 4127 1105 4186 Vere
1118 4129 1179 4189 hh.
1198 4127 1290 4182 vace

248 4229 274 4263 as
291 4227 385 4281 prm.
412 4210 507 4270 ortatu
541 4213 663 4272 ovidius
685 4213 735 4272 Gn.
756 4216 778 4270 i.
801 4245 834 4260 -
865 4216 1114 4288 scriptoremque]
1136 4219 1288 4289 septoque
