<?xml version="1.0" encoding="UTF-8"?>
<!DOCTYPE html PUBLIC "-//W3C//DTD XHTML 1.0 Transitional//EN"
    "http://www.w3.org/TR/xhtml1/DTD/xhtml1-transitional.dtd">
<html xmlns="http://www.w3.org/1999/xhtml" xml:lang="en" lang="en">
 <head>
  <title>
</title>
<meta http-equiv="Content-Type" content="text/html;charset=utf-8" />
  <meta name='ocr-system' content='tesseract 3.04.00' />
  <meta name='ocr-capabilities' content='ocr_page ocr_carea ocr_par ocr_line ocrx_word'/>
</head>
<body>
  <div class='ocr_page' id='page_1' title='image "./brutussivedecla00cicegoog/brutussivedecla00cicegoog_0366.png"; bbox 0 0 2674 4776; ppageno 0'>
   <div class='ocr_carea' id='block_1_1' title="bbox 239 331 966 412">
    <p class='ocr_par' dir='ltr' id='par_1_1' title="bbox 239 331 966 412">
     <span class='ocr_line' id='line_1_1' title="bbox 239 331 966 412; baseline -0.017 0"><span class='ocrx_word' id='word_1_1' title='bbox 239 337 337 412; x_wconf 73' lang='lat' dir='ltr'><strong>m</strong></span> <span class='ocrx_word' id='word_1_2' title='bbox 565 331 966 403; x_wconf 78' lang='lat' dir='ltr'><strong>EXPLIGATIONES</strong></span> 
     </span>
    </p>
   </div>
   <div class='ocr_carea' id='block_1_2' title="bbox 120 506 1330 4221">
    <p class='ocr_par' dir='ltr' id='par_1_2' title="bbox 239 506 1285 586">
     <span class='ocr_line' id='line_1_2' title="bbox 239 506 1285 586; baseline -0.005 -12"><span class='ocrx_word' id='word_1_3' title='bbox 239 509 374 574; x_wconf 80' lang='lat' dir='ltr'><strong>Menelai</strong></span> <span class='ocrx_word' id='word_1_4' title='bbox 393 506 533 570; x_wconf 86' lang='lat' dir='ltr'><strong>lacumlia</strong></span> <span class='ocrx_word' id='word_1_5' title='bbox 549 507 671 570; x_wconf 82' lang='lat' dir='ltr'><strong>Homeri</strong></span> <span class='ocrx_word' id='word_1_6' title='bbox 690 507 783 570; x_wconf 81' lang='lat' dir='ltr'><strong>verbe</strong></span> <span class='ocrx_word' id='word_1_7' title='bbox 802 513 871 568; x_wconf 86' lang='lat' dir='ltr'><strong>sunt</strong></span> <span class='ocrx_word' id='word_1_8' title='bbox 891 506 926 569; x_wconf 93' lang='grc'><strong>11.</strong></span> <span class='ocrx_word' id='word_1_9' title='bbox 943 506 994 570; x_wconf 87' lang='grc'><strong>111.</strong></span> <span class='ocrx_word' id='word_1_10' title='bbox 1011 508 1084 570; x_wconf 78' lang='grc'><strong>213.</strong></span> <span class='ocrx_word' id='word_1_11' title='bbox 1116 526 1146 570; x_wconf 89' lang='lat' dir='ltr'><strong>v.</strong></span> <span class='ocrx_word' id='word_1_12' title='bbox 1169 508 1285 586; x_wconf 82' lang='lat' dir='ltr'><strong>Qumtih</strong></span> 
     </span>
    </p>

    <p class='ocr_par' dir='ltr' id='par_1_3' title="bbox 240 609 704 685">
     <span class='ocr_line' id='line_1_3' title="bbox 240 609 704 685; baseline -0.011 -10"><span class='ocrx_word' id='word_1_13' title='bbox 240 611 308 675; x_wconf 86' lang='lat' dir='ltr'><strong>llll.</strong></span> <span class='ocrx_word' id='word_1_14' title='bbox 331 613 385 685; x_wconf 85' lang='lat' dir='ltr'><strong>lo,</strong></span> <span class='ocrx_word' id='word_1_15' title='bbox 406 609 459 673; x_wconf 79' lang='grc'><strong>64.</strong></span> <span class='ocrx_word' id='word_1_16' title='bbox 491 609 567 673; x_wconf 79' lang='lat' dir='ltr'><strong>(loll</strong></span> <span class='ocrx_word' id='word_1_17' title='bbox 588 609 653 672; x_wconf 87' lang='lat' dir='ltr'><strong>llll.</strong></span> <span class='ocrx_word' id='word_1_18' title='bbox 674 611 704 670; x_wconf 81' lang='lat'><strong>2.</strong></span> 
     </span>
    </p>

    <p class='ocr_par' dir='ltr' id='par_1_4' title="bbox 237 707 1286 2508">
     <span class='ocr_line' id='line_1_4' title="bbox 324 707 1284 788; baseline 0 -16"><span class='ocrx_word' id='word_1_19' title='bbox 324 711 375 776; x_wconf 83' lang='grc'><strong>51.</strong></span> <span class='ocrx_word' id='word_1_20' title='bbox 419 709 579 788; x_wconf 73' lang='grc'><strong>01000000]</strong></span> <span class='ocrx_word' id='word_1_21' title='bbox 601 709 734 788; x_wconf 78' lang='lat' dir='ltr'><strong>tangitur</strong></span> <span class='ocrx_word' id='word_1_22' title='bbox 751 709 905 772; x_wconf 74' lang='lat' dir='ltr'><strong>Aeschinis</strong></span> <span class='ocrx_word' id='word_1_23' title='bbox 925 707 1125 774; x_wconf 88' lang='lat' dir='ltr'><strong>voluntarium</strong></span> <span class='ocrx_word' id='word_1_24' title='bbox 1146 708 1284 782; x_wconf 81' lang='lat' dir='ltr'><strong>exsilium,</strong></span> 
     </span>
     <span class='ocr_line' id='line_1_5' title="bbox 238 809 1286 896; baseline -0.005 -20"><span class='ocrx_word' id='word_1_25' title='bbox 238 831 327 896; x_wconf 82' lang='lat' dir='ltr'><strong>quem</strong></span> <span class='ocrx_word' id='word_1_26' title='bbox 347 817 414 893; x_wconf 84' lang='lat' dir='ltr'><strong>post</strong></span> <span class='ocrx_word' id='word_1_27' title='bbox 430 810 511 874; x_wconf 90' lang='lat' dir='ltr'><strong>litem</strong></span> <span class='ocrx_word' id='word_1_28' title='bbox 533 811 569 874; x_wconf 92' lang='lat' dir='ltr'><strong>dc</strong></span> <span class='ocrx_word' id='word_1_29' title='bbox 587 829 699 874; x_wconf 87' lang='lat' dir='ltr'><strong>aurona</strong></span> <span class='ocrx_word' id='word_1_30' title='bbox 715 811 852 874; x_wconf 89' lang='lat' dir='ltr'><strong>amissam</strong></span> <span class='ocrx_word' id='word_1_31' title='bbox 866 809 1001 872; x_wconf 86' lang='lat' dir='ltr'><strong>Rhodum</strong></span> <span class='ocrx_word' id='word_1_32' title='bbox 1015 810 1178 888; x_wconf 77' lang='lat' dir='ltr'><strong>navigasse</strong></span> <span class='ocrx_word' id='word_1_33' title='bbox 1195 810 1286 873; x_wconf 88' lang='lat' dir='ltr'><strong>lerunt</strong></span> 
     </span>
     <span class='ocr_line' id='line_1_6' title="bbox 240 911 1285 996; baseline -0.007 -18"><span class='ocrx_word' id='word_1_34' title='bbox 240 917 340 996; x_wconf 84' lang='lat' dir='ltr'><strong>ibique</strong></span> <span class='ocrx_word' id='word_1_35' title='bbox 374 911 506 976; x_wconf 90' lang='lat' dir='ltr'><strong>scholam</strong></span> <span class='ocrx_word' id='word_1_36' title='bbox 538 914 701 976; x_wconf 90' lang='lat' dir='ltr'><strong>oratoriam</strong></span> <span class='ocrx_word' id='word_1_37' title='bbox 734 912 904 974; x_wconf 87' lang='lat' dir='ltr'><strong>instituisse.</strong></span> <span class='ocrx_word' id='word_1_38' title='bbox 956 911 1062 972; x_wconf 89' lang='lat' dir='ltr'><strong>Asiani</strong></span> <span class='ocrx_word' id='word_1_39' title='bbox 1094 917 1194 974; x_wconf 90' lang='lat' dir='ltr'><strong>autem</strong></span> <span class='ocrx_word' id='word_1_40' title='bbox 1224 919 1285 992; x_wconf 90' lang='lat' dir='ltr'><strong>post</strong></span> 
     </span>
     <span class='ocr_line' id='line_1_7' title="bbox 239 1011 1285 1089; baseline -0.008 -7"><span class='ocrx_word' id='word_1_41' title='bbox 239 1011 438 1082; x_wconf 76' lang='lat' dir='ltr'><strong>Alexandrum</strong></span> <span class='ocrx_word' id='word_1_42' title='bbox 458 1014 503 1076; x_wconf 90' lang='lat' dir='ltr'><strong>M.</strong></span> <span class='ocrx_word' id='word_1_43' title='bbox 519 1013 615 1076; x_wconf 89' lang='lat' dir='ltr'><strong>literis</strong></span> <span class='ocrx_word' id='word_1_44' title='bbox 638 1021 667 1076; x_wconf 91' lang='lat' dir='ltr'><strong>et</strong></span> <span class='ocrx_word' id='word_1_45' title='bbox 685 1013 813 1076; x_wconf 90' lang='lat' dir='ltr'><strong>sermoni</strong></span> <span class='ocrx_word' id='word_1_46' title='bbox 830 1013 952 1077; x_wconf 83' lang='lat' dir='ltr'><strong>Graecis</strong></span> <span class='ocrx_word' id='word_1_47' title='bbox 968 1019 1172 1076; x_wconf 84' lang='lat' dir='ltr'><strong>assuererunt.</strong></span> <span class='ocrx_word' id='word_1_48' title='bbox 1206 1012 1285 1089; x_wconf 79' lang='lat' dir='ltr'><strong>Quod</strong></span> 
     </span>
     <span class='ocr_line' id='line_1_8' title="bbox 239 1113 1285 1196; baseline 0 -20"><span class='ocrx_word' id='word_1_49' title='bbox 239 1135 327 1196; x_wconf 81' lang='lat' dir='ltr'><strong>paene</strong></span> <span class='ocrx_word' id='word_1_50' title='bbox 355 1116 433 1193; x_wconf 80' lang='lat' dir='ltr'><strong>ioqui</strong></span> <span class='ocrx_word' id='word_1_51' title='bbox 457 1115 621 1176; x_wconf 75' lang='lat' dir='ltr'><strong>dedidicisse</strong></span> <span class='ocrx_word' id='word_1_52' title='bbox 648 1115 782 1178; x_wconf 90' lang='lat' dir='ltr'><strong>dicuntur</strong></span> <span class='ocrx_word' id='word_1_53' title='bbox 804 1121 939 1176; x_wconf 88' lang='lat' dir='ltr'><strong>oratores</strong></span> <span class='ocrx_word' id='word_1_54' title='bbox 959 1114 1099 1188; x_wconf 84' lang='lat' dir='ltr'><strong>Asiatici,</strong></span> <span class='ocrx_word' id='word_1_55' title='bbox 1132 1113 1199 1176; x_wconf 92' lang='lat' dir='ltr'><strong>noli</strong></span> <span class='ocrx_word' id='word_1_56' title='bbox 1228 1133 1285 1178; x_wconf 88' lang='lat' dir='ltr'><strong>eum</strong></span> 
     </span>
     <span class='ocr_line' id='line_1_9' title="bbox 239 1214 1284 1307; baseline -0.004 -27"><span class='ocrx_word' id='word_1_57' title='bbox 239 1218 365 1298; x_wconf 74' lang='lat' dir='ltr'><strong>Mepeno</strong></span> <span class='ocrx_word' id='word_1_58' title='bbox 390 1214 505 1278; x_wconf 87' lang='lat' dir='ltr'><strong>referre</strong></span> <span class='ocrx_word' id='word_1_59' title='bbox 530 1215 569 1278; x_wconf 90' lang='lat' dir='ltr'><strong>ad</strong></span> <span class='ocrx_word' id='word_1_60' title='bbox 590 1233 692 1279; x_wconf 89' lang='lat' dir='ltr'><strong>vocem</strong></span> <span class='ocrx_word' id='word_1_61' title='bbox 713 1215 884 1307; x_wconf 78' lang='lat' dir='ltr'><strong>inclinatam</strong></span> <span class='ocrx_word' id='word_1_62' title='bbox 911 1215 997 1296; x_wconf 81' lang='lat' dir='ltr'><strong>quasi</strong></span> <span class='ocrx_word' id='word_1_63' title='bbox 1017 1215 1149 1278; x_wconf 87' lang='lat' dir='ltr'><strong>canentis</strong></span> <span class='ocrx_word' id='word_1_64' title='bbox 1173 1222 1204 1276; x_wconf 92' lang='lat' dir='ltr'><strong>ct</strong></span> <span class='ocrx_word' id='word_1_65' title='bbox 1226 1214 1284 1276; x_wconf 92' lang='lat' dir='ltr'><strong>ulu-</strong></span> 
     </span>
     <span class='ocr_line' id='line_1_10' title="bbox 239 1315 1285 1398; baseline -0.005 -16"><span class='ocrx_word' id='word_1_66' title='bbox 239 1319 343 1393; x_wconf 90' lang='lat' dir='ltr'><strong>lantis,</strong></span> <span class='ocrx_word' id='word_1_67' title='bbox 365 1315 445 1398; x_wconf 89' lang='lat' dir='ltr'><strong>quod</strong></span> <span class='ocrx_word' id='word_1_68' title='bbox 465 1335 537 1380; x_wconf 87' lang='lat' dir='ltr'><strong>sane</strong></span> <span class='ocrx_word' id='word_1_69' title='bbox 554 1317 614 1379; x_wconf 90' lang='lat' dir='ltr'><strong>illis</strong></span> <span class='ocrx_word' id='word_1_70' title='bbox 631 1317 772 1381; x_wconf 81' lang='lat' dir='ltr'><strong>tribuitur</strong></span> <span class='ocrx_word' id='word_1_71' title='bbox 787 1317 838 1380; x_wconf 88' lang='lat' dir='ltr'><strong>Or.</strong></span> <span class='ocrx_word' id='word_1_72' title='bbox 856 1318 891 1391; x_wconf 84' lang='grc'><strong>8,</strong></span> <span class='ocrx_word' id='word_1_73' title='bbox 910 1318 978 1390; x_wconf 66' lang='grc'><strong>21,</strong></span> <span class='ocrx_word' id='word_1_74' title='bbox 1000 1315 1053 1377; x_wconf 92' lang='lat' dir='ltr'><strong>sed</strong></span> <span class='ocrx_word' id='word_1_75' title='bbox 1070 1315 1109 1378; x_wconf 91' lang='lat' dir='ltr'><strong>ad</strong></span> <span class='ocrx_word' id='word_1_76' title='bbox 1125 1333 1285 1380; x_wconf 86' lang='lat' dir='ltr'><strong>sermonem</strong></span> 
     </span>
     <span class='ocr_line' id='line_1_11' title="bbox 238 1417 1284 1500; baseline -0.003 -18"><span class='ocrx_word' id='word_1_77' title='bbox 238 1421 321 1482; x_wconf 79' lang='lat' dir='ltr'><strong>inam</strong></span> <span class='ocrx_word' id='word_1_78' title='bbox 348 1418 505 1482; x_wconf 87' lang='lat' dir='ltr'><strong>verborum</strong></span> <span class='ocrx_word' id='word_1_79' title='bbox 533 1419 630 1480; x_wconf 90' lang='lat' dir='ltr'><strong>sonitu</strong></span> <span class='ocrx_word' id='word_1_80' title='bbox 656 1417 814 1500; x_wconf 89' lang='lat' dir='ltr'><strong>repletum,</strong></span> <span class='ocrx_word' id='word_1_81' title='bbox 848 1434 933 1498; x_wconf 86' lang='lat' dir='ltr'><strong>quem</strong></span> <span class='ocrx_word' id='word_1_82' title='bbox 962 1424 991 1480; x_wconf 87' lang='lat' dir='ltr'><strong>et</strong></span> <span class='ocrx_word' id='word_1_83' title='bbox 1017 1417 1115 1478; x_wconf 88' lang='lat' dir='ltr'><strong>statim</strong></span> <span class='ocrx_word' id='word_1_84' title='bbox 1143 1417 1284 1496; x_wconf 80' lang='lat' dir='ltr'><strong>significat</strong></span> 
     </span>
     <span class='ocr_line' id='line_1_12' title="bbox 240 1516 1285 1598; baseline -0.004 -14"><span class='ocrx_word' id='word_1_85' title='bbox 240 1520 345 1584; x_wconf 88' lang='lat' dir='ltr'><strong>Gioero</strong></span> <span class='ocrx_word' id='word_1_86' title='bbox 369 1526 398 1580; x_wconf 93' lang='lat' dir='ltr'><strong>et</strong></span> <span class='ocrx_word' id='word_1_87' title='bbox 420 1535 445 1588; x_wconf 82' lang='lat' dir='ltr'><strong>o.</strong></span> <span class='ocrx_word' id='word_1_88' title='bbox 465 1517 522 1592; x_wconf 81' lang='lat'><strong>95,</strong></span> <span class='ocrx_word' id='word_1_89' title='bbox 545 1516 617 1582; x_wconf 81' lang='lat'><strong>325.</strong></span> <span class='ocrx_word' id='word_1_90' title='bbox 659 1519 723 1582; x_wconf 87' lang='lat' dir='ltr'><strong>Hoc</strong></span> <span class='ocrx_word' id='word_1_91' title='bbox 751 1517 866 1581; x_wconf 88' lang='lat' dir='ltr'><strong>dicendi</strong></span> <span class='ocrx_word' id='word_1_92' title='bbox 886 1535 978 1598; x_wconf 79' lang='lat' dir='ltr'><strong>genus</strong></span> <span class='ocrx_word' id='word_1_93' title='bbox 999 1519 1119 1580; x_wconf 83' lang='lat' dir='ltr'><strong>Asianis</strong></span> <span class='ocrx_word' id='word_1_94' title='bbox 1140 1518 1285 1580; x_wconf 82' lang='lat' dir='ltr'><strong>familiare</strong></span> 
     </span>
     <span class='ocr_line' id='line_1_13' title="bbox 239 1619 1283 1702; baseline -0.004 -16"><span class='ocrx_word' id='word_1_95' title='bbox 239 1619 464 1686; x_wconf 86' lang='lat' dir='ltr'><strong>Atheniensibus</strong></span> <span class='ocrx_word' id='word_1_96' title='bbox 492 1619 617 1682; x_wconf 79' lang='lat' dir='ltr'><strong>manium</strong></span> <span class='ocrx_word' id='word_1_97' title='bbox 644 1621 834 1702; x_wconf 80' lang='lat' dir='ltr'><strong>peregrinum</strong></span> <span class='ocrx_word' id='word_1_98' title='bbox 860 1627 888 1682; x_wconf 90' lang='lat' dir='ltr'><strong>et</strong></span> <span class='ocrx_word' id='word_1_99' title='bbox 916 1619 1138 1683; x_wconf 87' lang='lat' dir='ltr'><strong>uGraeeorum</strong></span> <span class='ocrx_word' id='word_1_100' title='bbox 1165 1637 1283 1682; x_wconf 91' lang='lat' dir='ltr'><strong>consue-</strong></span> 
     </span>
     <span class='ocr_line' id='line_1_14' title="bbox 239 1719 1284 1802; baseline -0.003 -17"><span class='ocrx_word' id='word_1_101' title='bbox 239 1721 339 1786; x_wconf 84' lang='lat' dir='ltr'><strong>tudine</strong></span> <span class='ocrx_word' id='word_1_102' title='bbox 360 1722 524 1784; x_wconf 83' lang='lat' dir='ltr'><strong>abhorrens</strong></span> <span class='ocrx_word' id='word_1_103' title='bbox 545 1720 715 1798; x_wconf 89' lang='lat' dir='ltr'><strong>videbatur,</strong></span> <span class='ocrx_word' id='word_1_104' title='bbox 745 1721 833 1802; x_wconf 85' lang='lat' dir='ltr'><strong>quasi</strong></span> <span class='ocrx_word' id='word_1_105' title='bbox 854 1721 896 1782; x_wconf 90' lang='lat' dir='ltr'><strong>sio</strong></span> <span class='ocrx_word' id='word_1_106' title='bbox 916 1719 1071 1801; x_wconf 85' lang='lat' dir='ltr'><strong>loquentes</strong></span> <span class='ocrx_word' id='word_1_107' title='bbox 1095 1736 1132 1783; x_wconf 90' lang='lat' dir='ltr'><strong>ne</strong></span> <span class='ocrx_word' id='word_1_108' title='bbox 1155 1738 1284 1784; x_wconf 88' lang='lat' dir='ltr'><strong>sermone</strong></span> 
     </span>
     <span class='ocr_line' id='line_1_15' title="bbox 240 1809 1284 1906; baseline -0.004 -20"><span class='ocrx_word' id='word_1_109' title='bbox 240 1824 356 1906; x_wconf 89' lang='lat' dir='ltr'><strong>quidem</strong></span> <span class='ocrx_word' id='word_1_110' title='bbox 378 1824 491 1887; x_wconf 83' lang='lat' dir='ltr'><strong>Graeco</strong></span> <span class='ocrx_word' id='word_1_111' title='bbox 513 1829 673 1884; x_wconf 88' lang='lat' dir='ltr'><strong>uterentur.</strong></span> <span class='ocrx_word' id='word_1_112' title='bbox 716 1821 761 1883; x_wconf 84' lang='lat' dir='ltr'><strong>lle</strong></span> <span class='ocrx_word' id='word_1_113' title='bbox 783 1823 924 1881; x_wconf 83' lang='lat' dir='ltr'><strong>celeritate</strong></span> <span class='ocrx_word' id='word_1_114' title='bbox 948 1821 1049 1884; x_wconf 81' lang='lat' dir='ltr'><strong>confer</strong></span> <span class='ocrx_word' id='word_1_115' title='bbox 1072 1821 1125 1884; x_wconf 90' lang='lat' dir='ltr'><strong>Or.</strong></span> <span class='ocrx_word' id='word_1_116' title='bbox 1149 1824 1205 1896; x_wconf 87' lang='grc'><strong>16,</strong></span> <span class='ocrx_word' id='word_1_117' title='bbox 1228 1809 1284 1896; x_wconf 60' lang='grc'><strong>53,</strong></span> 
     </span>
     <span class='ocr_line' id='line_1_16' title="bbox 239 1917 1284 1988; baseline -0.006 0"><span class='ocrx_word' id='word_1_118' title='bbox 239 1925 315 1988; x_wconf 89' lang='lat' dir='ltr'><strong>unde</strong></span> <span class='ocrx_word' id='word_1_119' title='bbox 345 1923 439 1986; x_wconf 88' lang='lat' dir='ltr'><strong>disces</strong></span> <span class='ocrx_word' id='word_1_120' title='bbox 471 1917 547 1984; x_wconf 93' lang='lat' dir='ltr'><strong>nihil</strong></span> <span class='ocrx_word' id='word_1_121' title='bbox 576 1940 642 1984; x_wconf 87' lang='lat' dir='ltr'><strong>esse</strong></span> <span class='ocrx_word' id='word_1_122' title='bbox 673 1923 731 1984; x_wconf 89' lang='lat' dir='ltr'><strong>nisi</strong></span> <span class='ocrx_word' id='word_1_123' title='bbox 761 1939 878 1984; x_wconf 90' lang='lat' dir='ltr'><strong>cursum</strong></span> <span class='ocrx_word' id='word_1_124' title='bbox 910 1929 939 1984; x_wconf 90' lang='lat' dir='ltr'><strong>et</strong></span> <span class='ocrx_word' id='word_1_125' title='bbox 966 1922 1081 1984; x_wconf 90' lang='lat' dir='ltr'><strong>flumen.</strong></span> <span class='ocrx_word' id='word_1_126' title='bbox 1125 1923 1284 1983; x_wconf 78' lang='lat' dir='ltr'><strong>Salubritas</strong></span> 
     </span>
     <span class='ocr_line' id='line_1_17' title="bbox 240 2022 1285 2090; baseline -0.003 -1"><span class='ocrx_word' id='word_1_127' title='bbox 240 2034 336 2090; x_wconf 89' lang='lat' dir='ltr'><strong>autem</strong></span> <span class='ocrx_word' id='word_1_128' title='bbox 365 2033 393 2088; x_wconf 89' lang='lat' dir='ltr'><strong>et</strong></span> <span class='ocrx_word' id='word_1_129' title='bbox 419 2028 531 2085; x_wconf 83' lang='lat' dir='ltr'><strong>semitas</strong></span> <span class='ocrx_word' id='word_1_130' title='bbox 559 2025 714 2086; x_wconf 87' lang='lat' dir='ltr'><strong>coniuncta</strong></span> <span class='ocrx_word' id='word_1_131' title='bbox 742 2023 816 2086; x_wconf 87' lang='lat' dir='ltr'><strong>nihil</strong></span> <span class='ocrx_word' id='word_1_132' title='bbox 842 2023 951 2086; x_wconf 90' lang='lat' dir='ltr'><strong>habent</strong></span> <span class='ocrx_word' id='word_1_133' title='bbox 980 2022 1161 2089; x_wconf 84' lang='lat' dir='ltr'><strong>offensionis.</strong></span> <span class='ocrx_word' id='word_1_134' title='bbox 1213 2023 1285 2088; x_wconf 86' lang='lat' dir='ltr'><strong>hlud</strong></span> 
     </span>
     <span class='ocr_line' id='line_1_18' title="bbox 239 2124 1284 2207; baseline -0.003 -17"><span class='ocrx_word' id='word_1_135' title='bbox 239 2127 353 2190; x_wconf 88' lang='lat' dir='ltr'><strong>adres</strong></span> <span class='ocrx_word' id='word_1_136' title='bbox 380 2133 517 2188; x_wconf 87' lang='lat' dir='ltr'><strong>externas</strong></span> <span class='ocrx_word' id='word_1_137' title='bbox 545 2125 687 2201; x_wconf 84' lang='lat' dir='ltr'><strong>refertur,</strong></span> <span class='ocrx_word' id='word_1_138' title='bbox 721 2125 827 2206; x_wconf 86' lang='lat' dir='ltr'><strong>quibus</strong></span> <span class='ocrx_word' id='word_1_139' title='bbox 848 2124 910 2188; x_wconf 89' lang='lat' dir='ltr'><strong>vita</strong></span> <span class='ocrx_word' id='word_1_140' title='bbox 937 2131 1018 2186; x_wconf 91' lang='lat' dir='ltr'><strong>recte</strong></span> <span class='ocrx_word' id='word_1_141' title='bbox 1039 2133 1171 2199; x_wconf 83' lang='lat' dir='ltr'><strong>constat3</strong></span> <span class='ocrx_word' id='word_1_142' title='bbox 1201 2145 1284 2207; x_wconf 81' lang='lat' dir='ltr'><strong>quam</strong></span> 
     </span>
     <span class='ocr_line' id='line_1_19' title="bbox 239 2225 1284 2308; baseline -0.008 -16"><span class='ocrx_word' id='word_1_143' title='bbox 239 2229 278 2292; x_wconf 90' lang='lat' dir='ltr'><strong>ob</strong></span> <span class='ocrx_word' id='word_1_144' title='bbox 306 2246 368 2291; x_wconf 88' lang='lat' dir='ltr'><strong>rem</strong></span> <span class='ocrx_word' id='word_1_145' title='bbox 390 2243 480 2308; x_wconf 85' lang='lat' dir='ltr'><strong>saepe</strong></span> <span class='ocrx_word' id='word_1_146' title='bbox 502 2227 653 2286; x_wconf 70' lang='lat' dir='ltr'><strong>trebicum</strong></span> <span class='ocrx_word' id='word_1_147' title='bbox 682 2225 829 2305; x_wconf 83' lang='lat' dir='ltr'><strong>signifieat</strong></span> <span class='ocrx_word' id='word_1_148' title='bbox 854 2226 917 2288; x_wconf 90' lang='lat' dir='ltr'><strong>sive</strong></span> <span class='ocrx_word' id='word_1_149' title='bbox 941 2225 1124 2286; x_wconf 85' lang='lat' dir='ltr'><strong>commodum.</strong></span> <span class='ocrx_word' id='word_1_150' title='bbox 1169 2227 1215 2290; x_wconf 84' lang='lat' dir='ltr'><strong>lte</strong></span> <span class='ocrx_word' id='word_1_151' title='bbox 1237 2248 1284 2287; x_wconf 78' lang='lat' dir='ltr'><strong>ee-</strong></span> 
     </span>
     <span class='ocr_line' id='line_1_20' title="bbox 238 2325 1284 2409; baseline -0.001 -22"><span class='ocrx_word' id='word_1_152' title='bbox 238 2329 359 2388; x_wconf 84' lang='lat' dir='ltr'><strong>lohriius</strong></span> <span class='ocrx_word' id='word_1_153' title='bbox 384 2327 475 2390; x_wconf 88' lang='lat' dir='ltr'><strong>saluti</strong></span> <span class='ocrx_word' id='word_1_154' title='bbox 501 2327 658 2409; x_wconf 86' lang='lat' dir='ltr'><strong>opponitur</strong></span> <span class='ocrx_word' id='word_1_155' title='bbox 679 2325 840 2390; x_wconf 75' lang='lat' dir='ltr'><strong>niumm.</strong></span> <span class='ocrx_word' id='word_1_156' title='bbox 860 2329 1000 2401; x_wconf 79' lang='lat'><strong>14,29.;</strong></span> <span class='ocrx_word' id='word_1_157' title='bbox 1028 2327 1182 2386; x_wconf 86' lang='lat' dir='ltr'><strong>salubriter</strong></span> <span class='ocrx_word' id='word_1_158' title='bbox 1199 2347 1284 2388; x_wconf 83' lang='grc'><strong>00000</strong></span> 
     </span>
     <span class='ocr_line' id='line_1_21' title="bbox 237 2427 1284 2508; baseline -0.006 -16"><span class='ocrx_word' id='word_1_159' title='bbox 237 2429 260 2492; x_wconf 89' lang='lat' dir='ltr'><strong>i.</strong></span> <span class='ocrx_word' id='word_1_160' title='bbox 284 2447 309 2490; x_wconf 86' lang='lat' dir='ltr'><strong>e.</strong></span> <span class='ocrx_word' id='word_1_161' title='bbox 337 2427 391 2491; x_wconf 90' lang='lat' dir='ltr'><strong>vili</strong></span> <span class='ocrx_word' id='word_1_162' title='bbox 417 2427 529 2508; x_wconf 89' lang='lat' dir='ltr'><strong>pretio,</strong></span> <span class='ocrx_word' id='word_1_163' title='bbox 556 2429 739 2488; x_wconf 83' lang='lat' dir='ltr'><strong>saluberrime</strong></span> <span class='ocrx_word' id='word_1_164' title='bbox 766 2427 879 2503; x_wconf 70' lang='lat' dir='ltr'><strong>reticere</strong></span> <span class='ocrx_word' id='word_1_165' title='bbox 905 2427 988 2486; x_wconf 89' lang='lat' dir='ltr'><strong>aedes</strong></span> <span class='ocrx_word' id='word_1_166' title='bbox 1016 2434 1045 2488; x_wconf 89' lang='lat' dir='ltr'><strong>et</strong></span> <span class='ocrx_word' id='word_1_167' title='bbox 1069 2427 1284 2488; x_wconf 84' lang='lat' dir='ltr'><strong>saluberrimum</strong></span> 
     </span>
    </p>

    <p class='ocr_par' dir='ltr' id='par_1_5' title="bbox 161 2519 1283 2712">
     <span class='ocr_line' id='line_1_22' title="bbox 161 2519 1282 2611; baseline 0.002 -23"><span class='ocrx_word' id='word_1_168' title='bbox 161 2519 164 2530; x_wconf 72' lang='grc'>’</span> <span class='ocrx_word' id='word_1_169' title='bbox 237 2533 446 2604; x_wconf 76' lang='lat' dir='ltr'><strong>occiputioucm</strong></span> <span class='ocrx_word' id='word_1_170' title='bbox 477 2527 550 2590; x_wconf 84' lang='lat' dir='ltr'><strong>dixit</strong></span> <span class='ocrx_word' id='word_1_171' title='bbox 577 2529 691 2590; x_wconf 87' lang='lat' dir='ltr'><strong>Plinius</strong></span> <span class='ocrx_word' id='word_1_172' title='bbox 720 2529 796 2611; x_wconf 81' lang='lat' dir='ltr'><strong>Epp.</strong></span> <span class='ocrx_word' id='word_1_173' title='bbox 819 2529 914 2592; x_wconf 74' lang='grc'><strong>124.</strong></span> <span class='ocrx_word' id='word_1_174' title='bbox 951 2527 1000 2592; x_wconf 87' lang='lat' dir='ltr'><strong>Vl.</strong></span> <span class='ocrx_word' id='word_1_175' title='bbox 1023 2529 1073 2590; x_wconf 80' lang='lat'><strong>30.</strong></span> <span class='ocrx_word' id='word_1_176' title='bbox 1112 2529 1152 2591; x_wconf 90' lang='lat' dir='ltr'><strong>X.</strong></span> <span class='ocrx_word' id='word_1_177' title='bbox 1175 2531 1234 2605; x_wconf 81' lang='lat'><strong>28,</strong></span> <span class='ocrx_word' id='word_1_178' title='bbox 1257 2533 1282 2591; x_wconf 94' lang='lat' dir='ltr'><strong>l.</strong></span> 
     </span>
     <span class='ocr_line' id='line_1_23' title="bbox 237 2627 1283 2712; baseline 0.001 -21"><span class='ocrx_word' id='word_1_179' title='bbox 237 2629 312 2692; x_wconf 91' lang='lat' dir='ltr'><strong>llinc</strong></span> <span class='ocrx_word' id='word_1_180' title='bbox 333 2630 364 2690; x_wconf 89' lang='lat' dir='ltr'><strong>in</strong></span> <span class='ocrx_word' id='word_1_181' title='bbox 381 2629 516 2691; x_wconf 87' lang='lat' dir='ltr'><strong>oratione</strong></span> <span class='ocrx_word' id='word_1_182' title='bbox 530 2629 646 2693; x_wconf 83' lang='lat' dir='ltr'><strong>ridetur</strong></span> <span class='ocrx_word' id='word_1_183' title='bbox 666 2637 778 2692; x_wconf 90' lang='lat' dir='ltr'><strong>rectum</strong></span> <span class='ocrx_word' id='word_1_184' title='bbox 794 2628 940 2710; x_wconf 86' lang='lat' dir='ltr'><strong>quoddam</strong></span> <span class='ocrx_word' id='word_1_185' title='bbox 960 2627 1099 2690; x_wconf 88' lang='lat' dir='ltr'><strong>iudicium</strong></span> <span class='ocrx_word' id='word_1_186' title='bbox 1117 2631 1283 2712; x_wconf 81' lang='lat' dir='ltr'><strong>siguificare</strong></span> 
     </span>
    </p>

    <p class='ocr_par' dir='ltr' id='par_1_6' title="bbox 239 2727 1330 2812">
     <span class='ocr_line' id='line_1_24' title="bbox 239 2727 1330 2812; baseline -0.002 -18"><span class='ocrx_word' id='word_1_187' title='bbox 239 2731 337 2794; x_wconf 92' lang='lat' dir='ltr'><strong>omnia</strong></span> <span class='ocrx_word' id='word_1_188' title='bbox 369 2737 440 2812; x_wconf 92' lang='lat' dir='ltr'><strong>apta</strong></span> <span class='ocrx_word' id='word_1_189' title='bbox 474 2730 621 2794; x_wconf 86' lang='lat' dir='ltr'><strong>tractandi</strong></span> <span class='ocrx_word' id='word_1_190' title='bbox 651 2731 767 2793; x_wconf 88' lang='lat' dir='ltr'><strong>ratione</strong></span> <span class='ocrx_word' id='word_1_191' title='bbox 806 2739 972 2812; x_wconf 87' lang='lat' dir='ltr'><strong>temperans</strong></span> <span class='ocrx_word' id='word_1_192' title='bbox 1004 2727 1282 2812; x_wconf 71' lang='lat' dir='ltr'><strong>(Aupcmesseuhett).</strong></span> <span class='ocrx_word' id='word_1_193' title='bbox 1329 2783 1330 2810; x_wconf 28' lang='lat' dir='ltr'><strong>p</strong></span> 
     </span>
    </p>

    <p class='ocr_par' dir='ltr' id='par_1_7' title="bbox 237 2817 1330 2914">
     <span class='ocr_line' id='line_1_25' title="bbox 237 2817 1330 2914; baseline 0.003 -22"><span class='ocrx_word' id='word_1_194' title='bbox 237 2835 358 2892; x_wconf 71' lang='lat' dir='ltr'><strong>Semitas</strong></span> <span class='ocrx_word' id='word_1_195' title='bbox 379 2838 475 2893; x_wconf 87' lang='lat' dir='ltr'><strong>autern</strong></span> <span class='ocrx_word' id='word_1_196' title='bbox 497 2851 516 2893; x_wconf 95' lang='lat' dir='ltr'><strong>a</strong></span> <span class='ocrx_word' id='word_1_197' title='bbox 536 2834 670 2914; x_wconf 87' lang='lat' dir='ltr'><strong>eorporis</strong></span> <span class='ocrx_word' id='word_1_198' title='bbox 691 2833 794 2894; x_wconf 93' lang='lat' dir='ltr'><strong>habitu</strong></span> <span class='ocrx_word' id='word_1_199' title='bbox 815 2851 834 2893; x_wconf 91' lang='lat' dir='ltr'><strong>a</strong></span> <span class='ocrx_word' id='word_1_200' title='bbox 851 2832 953 2894; x_wconf 91' lang='lat' dir='ltr'><strong>morbo</strong></span> <span class='ocrx_word' id='word_1_201' title='bbox 976 2837 1005 2893; x_wconf 88' lang='lat' dir='ltr'><strong>et</strong></span> <span class='ocrx_word' id='word_1_202' title='bbox 1021 2831 1190 2895; x_wconf 86' lang='lat' dir='ltr'><strong>infirmitate</strong></span> <span class='ocrx_word' id='word_1_203' title='bbox 1212 2834 1281 2895; x_wconf 90' lang='lat' dir='ltr'><strong>alie-</strong></span> <span class='ocrx_word' id='word_1_204' title='bbox 1329 2817 1330 2850; x_wconf 61' lang='lat'><em>³</em></span> 
     </span>
    </p>

    <p class='ocr_par' dir='ltr' id='par_1_8' title="bbox 236 2930 1283 3016">
     <span class='ocr_line' id='line_1_26' title="bbox 236 2930 1283 3016; baseline 0.002 -22"><span class='ocrx_word' id='word_1_205' title='bbox 236 2933 357 2994; x_wconf 90' lang='lat' dir='ltr'><strong>nissimo</strong></span> <span class='ocrx_word' id='word_1_206' title='bbox 380 2940 523 3014; x_wconf 89' lang='lat' dir='ltr'><strong>sumptum</strong></span> <span class='ocrx_word' id='word_1_207' title='bbox 545 2935 631 3015; x_wconf 86' lang='lat' dir='ltr'><strong>quasi</strong></span> <span class='ocrx_word' id='word_1_208' title='bbox 652 2933 797 2994; x_wconf 90' lang='lat' dir='ltr'><strong>cumulum</strong></span> <span class='ocrx_word' id='word_1_209' title='bbox 817 2931 900 2994; x_wconf 92' lang='lat' dir='ltr'><strong>laudi</strong></span> <span class='ocrx_word' id='word_1_210' title='bbox 921 2930 1016 3007; x_wconf 89' lang='lat' dir='ltr'><strong>addit,</strong></span> <span class='ocrx_word' id='word_1_211' title='bbox 1038 2933 1238 3016; x_wconf 89' lang='lat' dir='ltr'><strong>incorruptum</strong></span> <span class='ocrx_word' id='word_1_212' title='bbox 1257 2943 1283 2997; x_wconf 91' lang='lat' dir='ltr'><strong>et</strong></span> 
     </span>
    </p>

    <p class='ocr_par' dir='ltr' id='par_1_9' title="bbox 237 3032 1283 3117">
     <span class='ocr_line' id='line_1_27' title="bbox 237 3032 1283 3117; baseline 0.002 -21"><span class='ocrx_word' id='word_1_213' title='bbox 237 3033 318 3096; x_wconf 90' lang='lat' dir='ltr'><strong>virili</strong></span> <span class='ocrx_word' id='word_1_214' title='bbox 346 3033 482 3096; x_wconf 86' lang='lat' dir='ltr'><strong>firmitate</strong></span> <span class='ocrx_word' id='word_1_215' title='bbox 512 3035 629 3117; x_wconf 91' lang='lat' dir='ltr'><strong>plenum</strong></span> <span class='ocrx_word' id='word_1_216' title='bbox 658 3033 773 3096; x_wconf 90' lang='lat' dir='ltr'><strong>dioendi</strong></span> <span class='ocrx_word' id='word_1_217' title='bbox 803 3051 895 3114; x_wconf 83' lang='lat' dir='ltr'><strong>genus</strong></span> <span class='ocrx_word' id='word_1_218' title='bbox 924 3032 1066 3098; x_wconf 88' lang='lat' dir='ltr'><strong>iudicans.</strong></span> <span class='ocrx_word' id='word_1_219' title='bbox 1110 3036 1223 3098; x_wconf 92' lang='lat' dir='ltr'><strong>Locum</strong></span> <span class='ocrx_word' id='word_1_220' title='bbox 1249 3036 1283 3098; x_wconf 90' lang='lat' dir='ltr'><strong>de</strong></span> 
     </span>
    </p>

    <p class='ocr_par' dir='ltr' id='par_1_10' title="bbox 220 3130 1191 3217">
     <span class='ocr_line' id='line_1_28' title="bbox 220 3130 1191 3217; baseline 0.004 -21"><span class='ocrx_word' id='word_1_221' title='bbox 220 3135 375 3197; x_wconf 51' lang='lat' dir='ltr'><strong>¹&#39;Asiaticis</strong></span> <span class='ocrx_word' id='word_1_222' title='bbox 398 3130 567 3197; x_wconf 82' lang='lat' dir='ltr'><strong>oratoribus</strong></span> <span class='ocrx_word' id='word_1_223' title='bbox 588 3137 734 3217; x_wconf 86' lang='lat' dir='ltr'><strong>expressit</strong></span> <span class='ocrx_word' id='word_1_224' title='bbox 755 3135 951 3213; x_wconf 80' lang='lat' dir='ltr'><strong>Quintilianus</strong></span> <span class='ocrx_word' id='word_1_225' title='bbox 972 3134 1038 3199; x_wconf 90' lang='lat' dir='ltr'><strong>XII.</strong></span> <span class='ocrx_word' id='word_1_226' title='bbox 1063 3138 1117 3212; x_wconf 87' lang='lat'><strong>10,</strong></span> <span class='ocrx_word' id='word_1_227' title='bbox 1142 3139 1191 3200; x_wconf 85' lang='grc'><strong>18.</strong></span> 
     </span>
    </p>

    <p class='ocr_par' dir='ltr' id='par_1_11' title="bbox 236 3237 1283 3516">
     <span class='ocr_line' id='line_1_29' title="bbox 322 3237 1283 3316; baseline -0.001 -19"><span class='ocrx_word' id='word_1_228' title='bbox 322 3237 373 3297; x_wconf 82' lang='grc'><strong>52.</strong></span> <span class='ocrx_word' id='word_1_229' title='bbox 417 3255 453 3294; x_wconf 80' lang='lat' dir='ltr'><strong>cu</strong></span> <span class='ocrx_word' id='word_1_230' title='bbox 475 3237 672 3314; x_wconf 80' lang='lat' dir='ltr'><strong>monumentis]</strong></span> <span class='ocrx_word' id='word_1_231' title='bbox 704 3253 741 3296; x_wconf 85' lang='lat' dir='ltr'><strong>ex</strong></span> <span class='ocrx_word' id='word_1_232' title='bbox 761 3237 895 3298; x_wconf 87' lang='lat' dir='ltr'><strong>historia.</strong></span> <span class='ocrx_word' id='word_1_233' title='bbox 925 3254 950 3299; x_wconf 88' lang='lat' dir='ltr'><strong>o.</strong></span> <span class='ocrx_word' id='word_1_234' title='bbox 971 3239 1027 3310; x_wconf 87' lang='grc'><strong>49,</strong></span> <span class='ocrx_word' id='word_1_235' title='bbox 1052 3239 1129 3300; x_wconf 80' lang='lat'>181:</span> <span class='ocrx_word' id='word_1_236' title='bbox 1158 3239 1283 3316; x_wconf 84' lang='lat' dir='ltr'><strong>quidest</strong></span> 
     </span>
     <span class='ocr_line' id='line_1_30' title="bbox 237 3335 1282 3416; baseline 0.002 -22"><span class='ocrx_word' id='word_1_237' title='bbox 237 3341 325 3406; x_wconf 80' lang='lat' dir='ltr'><strong>errici,</strong></span> <span class='ocrx_word' id='word_1_238' title='bbox 355 3335 428 3412; x_wconf 81' lang='lat' dir='ltr'><strong>qurod</strong></span> <span class='ocrx_word' id='word_1_239' title='bbox 451 3337 537 3394; x_wconf 86' lang='lat' dir='ltr'><strong>scribi</strong></span> <span class='ocrx_word' id='word_1_240' title='bbox 564 3341 654 3414; x_wconf 82' lang='lat' dir='ltr'><strong>possit</strong></span> <span class='ocrx_word' id='word_1_241' title='bbox 681 3337 714 3396; x_wconf 85' lang='lat' dir='ltr'><strong>dc</strong></span> <span class='ocrx_word' id='word_1_242' title='bbox 740 3343 792 3408; x_wconf 84' lang='lat' dir='ltr'><strong>iis,</strong></span> <span class='ocrx_word' id='word_1_243' title='bbox 825 3338 978 3416; x_wconf 83' lang='lat' dir='ltr'><strong>dequibus</strong></span> <span class='ocrx_word' id='word_1_244' title='bbox 1004 3337 1084 3396; x_wconf 83' lang='lat' dir='ltr'><strong>mullo</strong></span> <span class='ocrx_word' id='word_1_245' title='bbox 1104 3347 1282 3398; x_wconf 79' lang='lat' dir='ltr'><strong>monumenta</strong></span> 
     </span>
     <span class='ocr_line' id='line_1_31' title="bbox 236 3435 846 3516; baseline 0.005 -24"><span class='ocrx_word' id='word_1_246' title='bbox 236 3435 390 3513; x_wconf 77' lang='lat' dir='ltr'><strong>loquuntur</strong></span> <span class='ocrx_word' id='word_1_247' title='bbox 411 3455 460 3494; x_wconf 88' lang='grc'><strong>000</strong></span> <span class='ocrx_word' id='word_1_248' title='bbox 481 3436 603 3496; x_wconf 86' lang='lat' dir='ltr'><strong>aliorum</strong></span> <span class='ocrx_word' id='word_1_249' title='bbox 626 3457 675 3496; x_wconf 87' lang='lat' dir='ltr'><strong>occ</strong></span> <span class='ocrx_word' id='word_1_250' title='bbox 695 3435 846 3516; x_wconf 67' lang='lat' dir='ltr'><strong>ipsorum?</strong></span> 
     </span>
    </p>

    <p class='ocr_par' dir='ltr' id='par_1_12' title="bbox 234 3535 1282 3820">
     <span class='ocr_line' id='line_1_32' title="bbox 317 3535 1281 3620; baseline 0.002 -22"><span class='ocrx_word' id='word_1_251' title='bbox 317 3535 395 3600; x_wconf 89' lang='lat' dir='ltr'><strong>XIV.</strong></span> <span class='ocrx_word' id='word_1_252' title='bbox 440 3535 491 3600; x_wconf 81' lang='lat'><strong>53.</strong></span> <span class='ocrx_word' id='word_1_253' title='bbox 535 3541 570 3596; x_wconf 79' lang='lat' dir='ltr'><strong>b.</strong></span> <span class='ocrx_word' id='word_1_254' title='bbox 600 3539 698 3616; x_wconf 83' lang='lat' dir='ltr'><strong>Bruto]</strong></span> <span class='ocrx_word' id='word_1_255' title='bbox 732 3539 879 3620; x_wconf 90' lang='lat' dir='ltr'><strong>plebeium</strong></span> <span class='ocrx_word' id='word_1_256' title='bbox 907 3537 999 3600; x_wconf 89' lang='lat' dir='ltr'><strong>luisse</strong></span> <span class='ocrx_word' id='word_1_257' title='bbox 1027 3537 1167 3619; x_wconf 89' lang='lat' dir='ltr'><strong>probavit</strong></span> <span class='ocrx_word' id='word_1_258' title='bbox 1194 3556 1281 3618; x_wconf 80' lang='lat' dir='ltr'><strong>argu-</strong></span> 
     </span>
     <span class='ocr_line' id='line_1_33' title="bbox 236 3635 1282 3720; baseline 0.003 -24"><span class='ocrx_word' id='word_1_259' title='bbox 236 3636 339 3696; x_wconf 86' lang='lat' dir='ltr'><strong>mentis</strong></span> <span class='ocrx_word' id='word_1_260' title='bbox 367 3635 638 3701; x_wconf 82' lang='lat' dir='ltr'><strong>Nishuhrius&#39;Hist.</strong></span> <span class='ocrx_word' id='word_1_261' title='bbox 661 3639 744 3702; x_wconf 92' lang='lat' dir='ltr'><strong>Rom.</strong></span> <span class='ocrx_word' id='word_1_262' title='bbox 766 3639 825 3702; x_wconf 90' lang='lat' dir='ltr'><strong>vol.</strong></span> <span class='ocrx_word' id='word_1_263' title='bbox 848 3640 871 3701; x_wconf 92' lang='lat'><strong>1.</strong></span> <span class='ocrx_word' id='word_1_264' title='bbox 899 3658 929 3720; x_wconf 93' lang='lat' dir='ltr'><strong>p.</strong></span> <span class='ocrx_word' id='word_1_265' title='bbox 951 3639 1040 3714; x_wconf 79' lang='lat' dir='ltr'><strong>svo.;</strong></span> <span class='ocrx_word' id='word_1_266' title='bbox 1069 3659 1096 3704; x_wconf 92' lang='lat' dir='ltr'><strong>v.</strong></span> <span class='ocrx_word' id='word_1_267' title='bbox 1125 3639 1162 3702; x_wconf 89' lang='lat' dir='ltr'><strong>de</strong></span> <span class='ocrx_word' id='word_1_268' title='bbox 1188 3641 1282 3719; x_wconf 79' lang='lat' dir='ltr'><strong>gentis</strong></span> 
     </span>
     <span class='ocr_line' id='line_1_34' title="bbox 234 3735 1282 3820; baseline 0.001 -22"><span class='ocrx_word' id='word_1_269' title='bbox 234 3735 338 3798; x_wconf 89' lang='lat' dir='ltr'><strong>Iuniae</strong></span> <span class='ocrx_word' id='word_1_270' title='bbox 358 3736 523 3815; x_wconf 81' lang='lat' dir='ltr'><strong>originibus</strong></span> <span class='ocrx_word' id='word_1_271' title='bbox 543 3737 737 3820; x_wconf 86' lang='lat' dir='ltr'><strong>disputantem</strong></span> <span class='ocrx_word' id='word_1_272' title='bbox 753 3741 953 3804; x_wconf 88' lang='lat' dir='ltr'><strong>Drumcnnum</strong></span> <span class='ocrx_word' id='word_1_273' title='bbox 969 3741 1044 3803; x_wconf 89' lang='lat' dir='ltr'><strong>llist.</strong></span> <span class='ocrx_word' id='word_1_274' title='bbox 1058 3741 1144 3804; x_wconf 87' lang='lat' dir='ltr'><strong>Rom.</strong></span> <span class='ocrx_word' id='word_1_275' title='bbox 1161 3741 1222 3805; x_wconf 92' lang='lat' dir='ltr'><strong>vol.</strong></span> <span class='ocrx_word' id='word_1_276' title='bbox 1236 3740 1282 3805; x_wconf 88' lang='lat' dir='ltr'><strong>IV.</strong></span> 
     </span>
    </p>

    <p class='ocr_par' dir='ltr' id='par_1_13' title="bbox 120 3839 1330 4124">
     <span class='ocr_line' id='line_1_35' title="bbox 235 3839 1330 3918; baseline 0 0"><span class='ocrx_word' id='word_1_277' title='bbox 235 3855 266 3918; x_wconf 89' lang='lat' dir='ltr'><strong>r·</strong></span> <span class='ocrx_word' id='word_1_278' title='bbox 288 3839 387 3918; x_wconf 74' lang='lat' dir='ltr'><strong>esqq.</strong></span> <span class='ocrx_word' id='word_1_279' title='bbox 1329 3899 1330 3902; x_wconf 10' lang='grc' dir='ltr'><strong><em>κ</em></strong></span> 
     </span>
     <span class='ocr_line' id='line_1_36' title="bbox 273 3903 1330 4024; baseline 0.005 -25"><span class='ocrx_word' id='word_1_280' title='bbox 273 3965 275 3970; x_wconf 38' lang='lat' dir='ltr'>s</span> <span class='ocrx_word' id='word_1_281' title='bbox 319 3943 541 4017; x_wconf 67' lang='lat' dir='ltr'><strong>robutissimam</strong></span> <span class='ocrx_word' id='word_1_282' title='bbox 573 3975 615 3984; x_wconf 90' lang='lat'><strong>--</strong></span> <span class='ocrx_word' id='word_1_283' title='bbox 644 3943 806 4020; x_wconf 83' lang='lat' dir='ltr'><strong>clarissimi]</strong></span> <span class='ocrx_word' id='word_1_284' title='bbox 841 3960 932 4024; x_wconf 85' lang='lat' dir='ltr'><strong>saepe</strong></span> <span class='ocrx_word' id='word_1_285' title='bbox 964 3942 1068 4006; x_wconf 83' lang='lat' dir='ltr'><strong>Cicero</strong></span> <span class='ocrx_word' id='word_1_286' title='bbox 1102 3940 1282 4008; x_wconf 75' lang='lat' dir='ltr'><strong>cumulandis</strong></span> <span class='ocrx_word' id='word_1_287' title='bbox 1329 3903 1330 3986; x_wconf 80' lang='lat' dir='ltr'><strong>l</strong></span> 
     </span>
     <span class='ocr_line' id='line_1_37' title="bbox 120 4040 1330 4124; baseline -0.005 -18"><span class='ocrx_word' id='word_1_288' title='bbox 120 4048 135 4106; x_wconf 82' lang='grc'><strong>.’</strong></span> <span class='ocrx_word' id='word_1_289' title='bbox 236 4040 424 4120; x_wconf 80' lang='lat' dir='ltr'><strong>superlativis</strong></span> <span class='ocrx_word' id='word_1_290' title='bbox 446 4042 504 4105; x_wconf 90' lang='lat' dir='ltr'><strong>vim</strong></span> <span class='ocrx_word' id='word_1_291' title='bbox 525 4043 686 4108; x_wconf 86' lang='lat' dir='ltr'><strong>sententiae</strong></span> <span class='ocrx_word' id='word_1_292' title='bbox 707 4052 806 4124; x_wconf 81' lang='lat' dir='ltr'><strong>auget.</strong></span> <span class='ocrx_word' id='word_1_293' title='bbox 848 4044 932 4107; x_wconf 82' lang='lat' dir='ltr'><strong>Intra</strong></span> <span class='ocrx_word' id='word_1_294' title='bbox 953 4061 978 4106; x_wconf 90' lang='lat' dir='ltr'><strong>o.</strong></span> <span class='ocrx_word' id='word_1_295' title='bbox 1002 4043 1058 4118; x_wconf 80' lang='lat'><strong>25,</strong></span> <span class='ocrx_word' id='word_1_296' title='bbox 1079 4043 1138 4107; x_wconf 83' lang='lat'><strong>95:</strong></span> <span class='ocrx_word' id='word_1_297' title='bbox 1166 4047 1235 4104; x_wconf 76' lang='lat' dir='ltr'><strong>sirie</strong></span> <span class='ocrx_word' id='word_1_298' title='bbox 1254 4047 1283 4102; x_wconf 86' lang='lat' dir='ltr'><strong>ic</strong></span> <span class='ocrx_word' id='word_1_299' title='bbox 1329 4057 1330 4062; x_wconf 46' lang='lat'>¹</span> 
     </span>
    </p>

    <p class='ocr_par' dir='ltr' id='par_1_14' title="bbox 236 4141 1281 4221">
     <span class='ocr_line' id='line_1_38' title="bbox 236 4141 1281 4221; baseline 0.004 -21"><span class='ocrx_word' id='word_1_300' title='bbox 236 4147 350 4219; x_wconf 83' lang='lat' dir='ltr'><strong>optimis</strong></span> <span class='ocrx_word' id='word_1_301' title='bbox 379 4143 460 4202; x_wconf 86' lang='lat' dir='ltr'><strong>rebus</strong></span> <span class='ocrx_word' id='word_1_302' title='bbox 489 4145 733 4204; x_wconf 76' lang='lat' dir='ltr'><strong>cmrstoct&#39;issimus</strong></span> <span class='ocrx_word' id='word_1_303' title='bbox 760 4151 805 4208; x_wconf 90' lang='lat' dir='ltr'><strong>M.</strong></span> <span class='ocrx_word' id='word_1_304' title='bbox 831 4149 973 4208; x_wconf 81' lang='lat' dir='ltr'><strong>Octauios.</strong></span> <span class='ocrx_word' id='word_1_305' title='bbox 1017 4144 1078 4209; x_wconf 89' lang='lat' dir='ltr'><strong>lnv.</strong></span> <span class='ocrx_word' id='word_1_306' title='bbox 1100 4145 1138 4209; x_wconf 91' lang='lat'><strong>11.</strong></span> <span class='ocrx_word' id='word_1_307' title='bbox 1168 4148 1203 4221; x_wconf 84' lang='grc'><strong>8,</strong></span> <span class='ocrx_word' id='word_1_308' title='bbox 1226 4141 1281 4206; x_wconf 78' lang='lat'><strong>25:</strong></span> 
     </span>
    </p>
   </div>
   <div class='ocr_carea' id='block_1_3' title="bbox 0 0 1342 4773">
    <p class='ocr_par' dir='ltr' id='par_1_15' title="bbox 0 0 1342 4773">
     <span class='ocr_line' id='line_1_39' title="bbox 0 0 1342 4773; baseline 0 0"><span class='ocrx_word' id='word_1_309' title='bbox 0 0 1342 4773; x_wconf 95' lang='lat' dir='ltr'><strong> </strong></span> 
     </span>
    </p>
   </div>
  </div>
 </body>
</html>
