2676 4774
215 437 248 508 θ
376 423 526 502 attavis
546 427 845 512 bnoobbltntou
868 425 971 496 ROM.
992 429 1103 498 lllS'l'.

215 605 342 671 nondum
363 605 493 669 studiose
515 613 544 668 et
565 604 690 668 oonsilio
710 609 846 684 reoeptas
867 610 1026 678 monstrat;
1057 609 1166 685 quarta
1187 619 1267 686 quae

216 710 414 774 Romanorum
450 707 600 786 ingenium
630 705 748 768 efficere
782 705 878 786 potuit
910 705 1036 766 omnium
1068 705 1175 767 artium
1206 721 1267 785 ope

216 818 332 873 anetum
352 808 488 890 perfecit.
531 812 630 868 Priona
652 807 745 886 igitur
766 813 873 877 odote,
896 823 961 867 onm
980 813 1096 870 ueteres
1116 805 1268 867 trifarium

216 909 369 974 diviserint
394 917 487 972 arten
515 907 645 984 ffloeudi,
672 909 760 969 trium
785 923 925 984 generum
945 925 1034 968 nuum
1054 906 1268 967 deliberatiuam

215 1029 240 1073 s.
263 1001 541 1091 συμβουλευτικόν
571 1011 710 1072 usitatum
730 1007 823 1069 fuisse
851 1008 924 1068 satis
950 1007 1105 1070 manifesto
1128 1017 1268 1088 apparet.

215 1109 290 1174 Nam
319 1127 382 1173 mos
409 1111 462 1173 ille
487 1111 603 1172 minime
629 1107 849 1191 despiciendus,
876 1115 909 1169 ut
933 1108 1017 1187 leges
1044 1126 1100 1189 pro
1129 1109 1269 1170 contione

215 1211 410 1274 suaderentur
438 1218 467 1272 et
495 1210 748 1286 dissuaderentur,
774 1210 834 1270 iam
862 1207 1065 1272 ostendetur
1092 1210 1270 1272 obseruatus

217 1327 297 1388 esse,
326 1330 413 1392 quam
442 1311 559 1390 legibus
585 1312 717 1375 Publilia
743 1309 770 1372 b
794 1311 919 1372 Maenia
946 1319 1047 1390 patres
1075 1319 1143 1373 aute
1169 1312 1268 1373 tribus

216 1414 247 1475 iu
265 1412 439 1492 suffragium
459 1413 564 1474 missas
586 1421 722 1475 auotores
743 1411 809 1473 deri
830 1411 926 1473 ooaoti
946 1420 1021 1474 sunt.
1053 1413 1147 1474 lloius
1168 1431 1268 1494 popu-

216 1513 291 1576 laris
305 1513 492 1596 eloquentiae
508 1515 594 1576 initia
616 1515 667 1595 qui
685 1512 943 1575 adeoemuirorum
960 1514 1143 1594 temporibus
1154 1515 1268 1595 repeti-

217 1615 309 1691 verit,
331 1615 437 1696 qnibus
457 1613 543 1696 plebs
565 1633 585 1676 a
604 1616 738 1696 patribus
755 1614 806 1676 din
826 1614 944 1695 impune
964 1622 1073 1677 vexata
1093 1614 1130 1678 de
1144 1617 1268 1678 miseria

217 1715 360 1798 paulatim
376 1733 528 1795 emergere
544 1717 654 1798 eoepit,
676 1716 806 1778 fortasse
826 1733 888 1777 non
906 1715 1060 1778 errauerit.
1092 1716 1163 1778 Utut
1176 1716 1270 1779 rudes

218 1818 295 1879 euim
325 1817 436 1879 luerint
466 1818 650 1880 tribunorum
675 1817 937 1880 vetustissimorum
965 1801 1117 1882 oontiones
1137 1813 1203 1898 (⁸),
1237 1827 1273 1880 at

216 1918 327 1994 inisse,
356 1917 597 1999 quemadmodum
623 1919 718 1981 erinoi
743 1935 801 1980 non
823 1925 934 1999 potest,
959 1935 1031 1980 roro
1052 1926 1150 1980 tamen
1170 1919 1272 1981 simile

219 2027 272 2082 est.
311 2019 372 2084 Sed
393 2012 561 2082 memoriam
583 2037 684 2082 eorum
704 2019 736 2080 in
755 2019 919 2082 Annalibus
941 2027 1087 2084 seruatam
1108 2036 1189 2094 esse,
1212 2021 1272 2082 etsi

217 2121 297 2184 Liuii
322 2129 394 2184 nota
414 2121 596 2183 insontibus
617 2121 760 2183 historiae
782 2119 969 2182 consulendis
988 2121 1105 2182 inooria
1123 2121 1272 2184 inoertnm

217 2221 352 2302 reliquit,
373 2231 529 2284 tamenne
550 2221 708 2303 probabile
729 2220 846 2302 quidem
860 2221 985 2284 uidetur.
1029 2221 1090 2284 Neo
1111 2223 1271 2286 suasiones

217 2321 308 2396 illae,
328 2340 402 2393 quas
419 2322 497 2404 apud
512 2324 627 2386 Liuium
641 2321 782 2400 legimus,
799 2321 898 2400 legum
909 2323 1089 2385 Liciniarnm
1100 2317 1167 2402 (⁹),
1189 2323 1272 2403 legis

220 2422 368 2501 Ogulniae
385 2417 453 2502 (¹⁰),
483 2431 513 2485 et
534 2423 624 2485 multo
647 2430 715 2484 aute
737 2422 919 2486 Terentiliae
942 2431 970 2486 et
992 2423 1154 2486 Ganuleiae
1175 2425 1271 2502 aliud,

220 2541 308 2603 quam
328 2512 393 2587 ueri
414 2524 610 2586 similitudinis
632 2522 703 2603 quid
723 2522 782 2584 diei
801 2525 946 2604 potuerit,
974 2523 1193 2588 fundamentum
1213 2528 1272 2589 ba·

181 2611 186 2620 ’
218 2624 299 2686 bunt.
342 2623 413 2687 Gom
440 2627 515 2688 euim
535 2625 699 2688 Annalibus
721 2625 910 2704 magistratus
932 2621 1015 2686 bella
1036 2635 1122 2705 gesta
1142 2627 1273 2691 foedera

219 2725 301 2788 lautu
327 2725 411 2806 leges
438 2727 520 2789 latae
543 2744 677 2790 annonae
704 2727 814 2787 caritas
840 2725 1009 2806 pestilentia
1036 2727 1177 2808 prodigia
1197 2747 1271 2811 per--

219 2826 349 2890 breuiter
374 2845 428 2890 neo
451 2829 516 2890 ulla
535 2823 692 2891 uerborum
715 2833 766 2888 aut
787 2827 874 2907 eopia
901 2834 952 2888 aut
973 2836 1078 2890 ornatu
1098 2831 1272 2910 perscribe-

220 2935 336 3002 rentur,
362 2928 524 3006 fautorum,
556 2947 614 2991 non
640 2927 783 2990 dictorum
816 2927 975 3008 scriptores
1003 2947 1146 2992 memores
1172 2931 1271 2994 inisse

222 3037 346 3109 oportet.
392 3030 503 3092 Tamen
529 3048 592 3092 oum
613 3031 716 3093 Liuius
741 3029 857 3090 minime
883 3028 1025 3108 diligens,
1052 3029 1212 3110 Dionysius
1240 3041 1272 3095 el

222 3128 325 3211 saepe
340 3131 455 3212 ineptus
479 3139 508 3193 et
532 3131 699 3212 praeseptis
721 3129 907 3210 opinionibus
928 3129 1116 3211 praepeditus
1139 3133 1273 3214 scriptor

220 3230 370 3306 uideauur,
387 3239 502 3294 tenuem
517 3232 601 3293 illam
611 3231 723 3294 Romae
740 3231 960 3310 antiquissimae
975 3232 1141 3294 aoeuratius
1153 3250 1271 3314 cogno*

222 3330 446 3394 suendae'uiam
467 3349 532 3394 oum
552 3331 715 3396 Annalibus
737 3330 798 3394 illis
821 3333 958 3396 amissam
980 3331 1121 3398 dolemus.

709 3499 735 3584 p.
757 3503 787 3566 u.

521 3577 638 3687 Reliqua
655 3617 709 3672 duo
729 3615 838 3670 dicendi
855 3632 966 3687 genero.

307 3737 439 3798 ludloioli
465 3738 580 3803 dicendi
607 3758 716 3820 genere
740 3741 866 3803 Romani
895 3747 963 3802 ante
991 3737 1113 3803 Gutonis
1141 3747 1272 3804 aetatem

222 3839 270 3900 usi
289 3855 349 3900 uon
365 3839 508 3904 ridentur.
551 3841 613 3904 Neo
635 3843 711 3904 enim
733 3841 919 3922 eloquentiae
938 3859 1008 3902 usus
1031 3842 1147 3904 eratin
1170 3846 1272 3906 causis

223 3940 362 4021 priuatis,
391 3960 468 4022 quae
494 3950 562 4004 tuno
587 3950 668 4006 totae
694 3962 713 4004 a
739 3943 932 4005 formularum
959 3943 1025 4005 iure
1045 3941 1216 4024 pendebant
1244 3953 1274 4008 et

224 4086 432 4098 ..ι-ιι--ιι-

221 4197 225 4204 .
290 4173 320 4241 8)
338 4172 369 4226 ld
386 4171 483 4227 Livius
495 4173 641 4228 Voleronis
658 4165 768 4228 Publilii
785 4191 834 4230 ore
848 4173 922 4228 haurd
940 4175 1033 4248 inepte
1051 4173 1151 4230 latetur
1170 4175 1204 4232 ll.
1226 4177 1271 4233 56.

222 4257 250 4326 o)
268 4254 331 4312 niv.
349 4256 396 4313 vr.
416 4257 458 4314 37.
549 4257 591 4326 no)
607 4259 669 4316 nus
687 4259 721 4314 x.
741 4261 765 4316 7.
1140 4277 1142 4281 s
