2690 4780
234 409 300 482 00
391 363 859 486 Bubwsuhbouuuulhs
881 403 984 474 ROM.
1006 405 1116 474 lllS'l'.

233 579 315 643 runis
337 579 549 643 obtrectatores
567 577 719 654 errabant,
742 577 959 659 qnodAtticum
974 577 1065 654 illud,
1089 577 1168 660 quod
1183 578 1283 642 solum
1333 589 1334 592 ’

232 678 411 764 probabant,
441 681 556 744 dcendi
584 697 676 760 genus
702 697 761 741 non
787 687 847 742 tam
875 679 981 742 docere
1003 680 1072 761 quid
1099 680 1283 761 sequendum

233 792 325 858 esset,
355 801 442 863 mam
468 800 587 846 mouere
609 779 680 863 quid
700 787 779 842 esset
801 780 949 844 uitandum
974 781 1163 862 ignorabant.
1207 781 1282 844 Gum
1334 792 1335 856 ξ

234 886 309 947 cuim
330 885 443 948 Atticos
465 892 600 947 oratores
623 899 707 945 omne
728 882 859 944 insolens
880 889 968 964 atque
988 884 1116 964 ineptum
1137 882 1283 962 defugere
1334 867 1335 872 ἵ

232 986 381 1061 siderent,
410 985 484 1047 nihil
505 986 662 1060 curabant,
689 984 748 1045 nisi
773 1001 811 1046 ne
838 984 897 1064 ipsi
919 1001 1034 1064 quoque
1061 983 1223 1046 insolenter
1251 991 1283 1046 et

232 1089 331 1169 inepte
357 1087 558 1168 loquerentur.
606 1088 645 1148 At
675 1085 922 1148 obliviscebantur
953 1086 1041 1146 etiam
1067 1085 1164 1147 Attice
1190 1102 1282 1166 posse
1335 1112 1336 1126 2

232 1190 418 1252 uehementer
441 1195 470 1250 et
493 1185 645 1269 splendide
668 1185 741 1262 dioi;
770 1194 798 1248 et
819 1205 882 1248 cum
900 1187 991 1248 Attici
1012 1193 1147 1249 oratores
1169 1187 1283 1265 exigua

232 1290 373 1363 tenuiter,
394 1307 503 1368 magua
525 1289 604 1351 elate
625 1295 654 1350 et
676 1288 785 1350 acriter
807 1288 964 1362 dixissent,
985 1289 1059 1370 ipsi,
1088 1288 1160 1368 quia
1180 1289 1283 1351 tenuia

233 1390 301 1453 sola
331 1398 453 1472 propter
483 1390 596 1470 ingenii
628 1380 789 1452 exilitatem
820 1389 960 1469 consequi
991 1397 1149 1470 poteraut,
1182 1390 1282 1451 omnia
1336 1430 1337 1468 ,

234 1491 353 1556 exiliter
374 1491 433 1553 dici
453 1491 603 1556 uolebant.
635 1490 696 1555 Sed
715 1489 835 1564 Cicero,
858 1507 982 1570 quocum
998 1489 1107 1553 Caluus
1128 1490 1282 1570 iniquissi·
1336 1485 1337 1490 ’

233 1611 310 1655 mam
336 1593 548 1655 contentionem
580 1592 617 1654 de
643 1592 811 1673 principatu
837 1590 1024 1672 eloquentiae
1050 1592 1195 1654 habuerat
1214 1589 1282 1672 (⁷⁴),

233 1693 324 1774 longo
345 1695 453 1756 rectius
473 1694 527 1757 illo
549 1693 695 1756 intellexit
716 1700 804 1774 eaput
822 1710 887 1755 esse
906 1693 978 1754 artis
996 1693 1104 1764 decom,
1127 1693 1159 1755 id
1176 1695 1281 1756 estrei

233 1794 461 1874 magnitudinem
482 1796 581 1859 uerbis
602 1812 742 1876 aequare.
786 1793 858 1858 Cum
880 1794 973 1874 igitur
994 1801 1023 1856 et
1043 1795 1162 1874 ingenio
1184 1795 1281 1877 pluri-

233 1913 310 1956 mum
337 1895 452 1958 ualeret
483 1903 512 1956 et
538 1896 665 1957 maximo
694 1894 790 1956 studio
820 1894 960 1976 quicquid
993 1895 1063 1958 seiri
1089 1903 1209 1976 poterat
1235 1897 1281 1959 di-

234 1993 354 2058 dicisset
378 2003 407 2058 et
427 2015 538 2058 sumum
557 1995 703 2058 industria
723 2012 790 2059 sese
818 1995 856 2058 ad
878 1993 1030 2058 dicendum
1051 1999 1233 2060 exercuisset
1254 2007 1283 2061 et
1338 2069 1339 2084 χ

234 2097 409 2178 upduuorum
429 2099 605 2180 scriptorum
633 2105 661 2160 et
687 2099 896 2180 magistrorum
917 2097 1052 2178 exempla
1073 2099 1281 2174 aemularetur,

232 2197 431 2262 Romanorum
459 2193 585 2263 oninium
611 2199 722 2280 pmmns
747 2198 779 2260 id
808 2207 852 2260 est
882 2207 1045 2273 assecutus,
1078 2207 1109 2260 ut
1135 2202 1281 2264 orationis

233 2299 422 2361 instruendae
454 2309 518 2362 arte
548 2307 579 2362 et
611 2301 698 2380 copia
726 2299 883 2380 eloquendi
912 2300 1046 2362 ubertate
1077 2307 1106 2363 et
1137 2300 1282 2382 dignitate

234 2398 341 2460 artium
372 2400 498 2462 omnium
536 2400 641 2462 notitia
672 2401 894 2464 accuratissima
929 2402 1062 2469 Graecae
1093 2401 1281 2483 eloquentiae
1339 2386 1340 2446 Ῠ

233 2498 361 2580 pmuapi
381 2499 571 2564 Demostheni
592 2508 780 2582 aequaretur.

728 2719 735 2732 .
758 2673 808 2735 39.

447 2781 616 2838 Rhetoricae
632 2667 863 2854 apodiamina
877 2783 1060 2838 fundamento.

319 2902 384 2982 Quo
407 2907 514 2968 certius
535 2907 665 2987 agnitum
687 2914 732 2970 est
758 2907 956 2988 eloquentiam
976 2908 1101 2970 omnium
1123 2909 1232 2971 artium
1254 2918 1282 2972 et

233 3005 359 3067 mammo
382 3006 590 3090 philosophiae
615 3008 766 3091 praesidio
793 3007 975 3071 muniendam
997 3027 1061 3070 esse
1092 3015 1121 3070 et
1139 3015 1283 3091 tanquam

233 3104 335 3170 dorem
364 3123 402 3168 ex
424 3109 503 3172 omui
529 3112 670 3172 scientiae
698 3127 809 3190 genere
830 3111 946 3186 enasci,
975 3127 1010 3172 eo
1038 3110 1133 3189 magis
1155 3111 1282 3174 Renum

234 3207 427 3287 generosiore
447 3208 549 3272 indole
572 3210 700 3291 praediti
724 3230 743 3272 a
763 3211 930 3274 rhetoribus
951 3211 991 3274 ad
1011 3211 1195 3292 antiquiores
1217 3229 1282 3275 cum

234 3307 346 3370 sciendi
363 3315 423 3368 tum
442 3309 600 3390 eloquendi
618 3319 755 3374 auctores
777 3321 805 3376 et
821 3313 918 3375 fontes
935 3329 968 3375 se
984 3311 1178 3378 contuleruut.
1207 3313 1282 3377 lliuc

233 3407 285 3490 qni
305 3405 427 3484 [dicendi
452 3417 546 3472 artem
573 3411 695 3474 interius
716 3415 863 3494 cognituri
887 3421 972 3476 erant
1001 3413 1141 3495 quicquid
1169 3415 1281 3480 auiris

234 3507 414 3574 Graecorum
433 3509 597 3575 eruditione
617 3515 798 3598 principibus
820 3516 1018 3595 excogitatum
1040 3522 1069 3576 et
1087 3516 1283 3598 perscriptum

234 3619 299 3672 erat
320 3610 420 3674 dedita
436 3631 529 3694 opera
549 3614 765 3696 perdiscebaut.
799 3616 838 3680 Et
859 3635 923 3679 cum
939 3617 1044 3691 Plato,
1066 3616 1117 3696 qai
1137 3617 1282 3680 seniendi

232 3713 417 3791 praestantia
447 3721 477 3775 et
505 3713 620 3778 dicendi
649 3718 785 3779 ubertate
816 3718 902 3797 quasi
933 3716 1004 3779 deus
1037 3716 1156 3798 qnidam
1182 3718 1280 3800 philo-

233 3812 392 3896 sophorum
412 3814 587 3896 haberetur,
615 3836 688 3898 opus
710 3818 871 3881 oratorium
896 3819 1044 3900 spreuisse
1067 3819 1166 3899 potius
1195 3838 1282 3901 qnam

233 3912 391 3993 ignorasse
421 3916 586 3994 uideretur,
619 3917 676 3980 duo
707 3919 826 3982 maximi
852 3921 910 3985 uiri
941 3919 980 3982 ad
1008 3917 1160 3982 dicendum
1193 3919 1280 3982 duces

234 4015 377 4096 sequendi
392 4017 454 4081 illis
471 4019 661 4096 uidebantur,
683 4018 818 4084 doctriua
833 4021 953 4098 summi,
974 4018 1116 4084 facundia
1133 4037 1195 4082 nou
1211 4038 1280 4084 cou-

233 4151 441 4166 m

301 4228 348 4297 it)
364 4227 473 4285 Seneca
490 4228 621 4288 controv.
640 4231 687 4310 lll.
707 4234 746 4290 lb.
763 4235 853 4294 verba
869 4243 940 4293 sunt.
