2644 4774
237 437 301 506 Ab
324 437 412 506 elo.
434 436 641 508 BRU'I'UM
664 437 755 509 CAP.
772 439 824 508 71.
841 441 893 509 72.
910 441 960 510 73.
1034 443 1120 516 418

77 609 113 672 de
128 608 251 674 Ollciis.
284 611 410 674 Summis
432 630 451 673 a
466 607 610 676 Cicerone
623 612 761 677 laudibus
783 621 905 676 ornatur
922 613 954 676 in
968 613 1122 697 prooemio

77 711 190 773 Timaei
211 719 240 774 et
261 710 298 773 de
317 711 414 776 Dicin.
436 712 459 775 I.
482 713 512 774 3.

157 811 230 874 251.
276 813 405 890 Caesare]
428 831 456 877 r.
477 811 616 894 prolegg.
640 815 668 900 §.
688 815 739 878 47.

156 911 279 974 LXXII.
322 921 400 972 team
412 945 450 958 -
461 914 606 992 tadtdccr]
628 922 696 996 post
711 913 851 979 Caesaris
870 921 992 977 mortem
1009 932 1120 977 sumna

75 1012 172 1073 omnia
188 1013 220 1073 in
237 1029 272 1076 eo
289 1012 383 1074 fnisse
399 1015 536 1092 agnoscit
552 1013 657 1078 Cicero
673 1015 750 1079 Phil.
763 1016 800 1078 II.
817 1016 959 1092 cc,11e
986 1016 1120 1080 Maxime

74 1120 171 1174 autem
198 1113 273 1175 haec
301 1112 374 1174 lacit
403 1113 532 1177 eiusdem
557 1116 753 1178 testimonium
781 1134 818 1179 ex
840 1117 967 1196 epistola
985 1115 1120 1198 'madan

74 1212 113 1274 ad
131 1211 300 1276 Cornelium
320 1213 463 1296 Nepotem
483 1215 630 1296 prolatum
652 1236 672 1279 a
689 1217 831 1281 Suetonio
851 1217 937 1281 Caes.
954 1217 1009 1282 55:
1033 1213 1119 1295 qaid?

73 1323 214 1374 oratorem
235 1335 316 1394 poma
337 1316 401 1375 baie
422 1325 574 1395 caupones
595 1337 704 1390 comm,
728 1319 864 1396 quibibit
885 1319 964 1378 aliod
985 1314 1119 1394 epotaret?

72 1419 135 1492 qais
149 1419 293 1474 sententiis
308 1424 360 1474 cat
376 1421 487 1476 acutior
507 1427 558 1477 cot
574 1416 717 1479 crebrior?
738 1423 801 1497 pais
816 1419 907 1480 oola
924 1427 974 1478 oct
991 1421 1119 1478 orootIor

71 1523 122 1574 cot
144 1512 320 1592 otapcettorl
360 1515 399 1579 Et
419 1517 476 1580 hoc
497 1523 526 1580 et
548 1518 623 1595 alia,
657 1537 733 1601 qnae
761 1537 836 1581 nunc
857 1519 1043 1600 ignoramus,
1071 1518 1117 1578 iu-

71 1613 150 1676 dicia
161 1610 311 1678 Ciceronis
327 1616 394 1680 uiro
407 1615 545 1695 Caesare,
563 1636 627 1682 cun
640 1638 698 1702 quo
717 1620 770 1683 ille
786 1620 917 1683 redierat
932 1621 963 1682 ln
979 1619 1117 1700 gratiam,

69 1715 190 1797 prolata
211 1715 250 1778 ad
271 1717 397 1778 omnium
418 1720 552 1780 notitiam
572 1721 743 1800 peruenisse
762 1722 826 1783 reri
848 1721 943 1782 simile
960 1728 1013 1781 est.
1051 1717 1118 1780 Non

69 1817 147 1878 enim
163 1816 189 1877 is
205 1823 283 1894 erat,
306 1817 357 1898 qni
373 1824 499 1896 taceret,
521 1818 548 1879 si
565 1835 651 1898 qnam
674 1826 703 1880 et
716 1835 788 1884 rere
803 1826 832 1879 et
849 1819 1002 1899 eleganter
1017 1825 1118 1898 posset

66 1915 205 1980 laudare.

153 2016 225 2080 252.
269 2019 479 2097 subamarum]
502 2038 529 2084 t·
552 2019 584 2080 in
605 2036 630 2081 e.
652 2020 707 2094 24,
729 2021 780 2082 92.

150 2115 287 2180 LXXIII.
331 2117 403 2182 254.
444 2139 499 2197 qao
529 2139 586 2179 cuo
618 2117 807 2194 oiuccbumcr]
846 2115 968 2192 eandem
999 2115 1116 2178 laudem

65 2217 155 2283 Molo
174 2219 313 2282 Ciceroni
333 2218 428 2280 tortor
448 2219 587 2281 tribuisse
607 2227 682 2282 teste
702 2218 862 2282 Plutarcho
884 2234 910 2280 o.
927 2219 974 2292 4.;
995 2217 1021 2278 is
1040 2217 1116 2278 euim

65 2319 214 2384 Cicerone
237 2318 316 2401 apud
337 2336 369 2381 sc
390 2319 572 2382 declamante
593 2319 643 2381 diu
664 2318 754 2380 silens
777 2326 807 2380 et
830 2319 861 2379 in
883 2315 1041 2397 cogitando
1064 2313 1115 2377 de-

63 2421 143 2483 fixus
164 2419 255 2496 sedit,
285 2419 390 2481 deinde
412 2420 556 2484 Cicerone
584 2419 615 2482 id
641 2421 787 2482 silentium
808 2436 892 2480 secus
922 2420 1115 2498 interpretato

64 2520 222 2601 confessus
254 2537 319 2582 esse
350 2520 446 2582 fertur
475 2537 541 2583 sese
567 2521 704 2584 miserari
733 2526 842 2582 sortem
872 2517 1030 2592 Graeciae,
1067 2517 1114 2579 eni

62 2623 141 2696 iam,
172 2637 249 2702 quaa
276 2621 343 2683 sola
371 2620 478 2684 relicta
505 2630 598 2699 esset,
630 2623 697 2684 lans
727 2621 913 2701 eloquentiae
940 2620 1113 2700 eriperetur.

62 2722 146 2786 Snas
165 2719 201 2782 de
218 2720 339 2783 ditanda
359 2729 388 2783 et
403 2721 565 2784 erudienda
580 2723 685 2802 lingua
699 2721 803 2782 laudes
821 2720 911 2802 paulo
931 2717 1113 2780 ambitiosius

62 2821 185 2884 extollit
204 2819 269 2884 Fin.
290 2820 342 2882 III.
364 2824 398 2894 2,
420 2820 450 2882 5.
482 2820 546 2882 ND.
563 2821 587 2882 1.
604 2822 642 2894 4,
659 2822 689 2882 8.
734 2819 847 2883 Graece
868 2827 965 2880 antem
985 2817 1113 2879 locutum

60 2921 159 2985 facile
186 2926 215 2980 et
236 2936 301 2978 cnm
322 2935 410 2980 eursu
432 2917 559 2998 quodam
580 2926 609 2980 et
628 2918 745 2980 flumine
767 2920 924 2994 uerborum
943 2936 1003 2980 non
1027 2917 1112 2978 dnbi-

59 3032 176 3092 tamus,
197 3016 250 3078 sed
269 3035 288 3078 a
307 3034 380 3080 uera
399 3017 549 3097 elegantia
566 3025 677 3081 tantum
694 3018 803 3094 ablmt,
824 3027 857 3080 nt
873 3037 911 3080 ue
930 3017 1112 3081 soloecismis

59 3118 185 3205 quidem
203 3125 232 3180 et
245 3117 471 3184 barbaradiotis
490 3119 664 3182 abstineret:
684 3119 839 3182 ostendunt
850 3121 962 3182 inserta
979 3117 1112 3200 epistolis

60 3221 105 3287 ad
125 3218 262 3283 Atticum.

151 3319 223 3384 255.
265 3320 476 3398 scppttccttcat]
495 3319 631 3384 decretae
641 3327 763 3404 propter
773 3329 921 3404 repertam
932 3319 1112 3385 coniuratio-

59 3441 131 3486 nem
154 3420 310 3486 Catilinae.

150 3520 299 3599 Ltpocaoa]
327 3520 458 3583 homines
488 3529 592 3604 suapte
618 3529 725 3584 natura
749 3521 910 3584 bellicosos
931 3528 960 3583 at
979 3521 1112 3584 locorum

60 3625 124 3686 situ
143 3621 351 3685 munitissimos
371 3622 479 3684 Florus
503 3638 564 3700 xsuo
586 3639 668 3684 nore
689 3622 824 3682 acumina
848 3622 966 3704 ineptiis
987 3623 1112 3684 miscens

61 3726 108 3786 ait
135 3728 272 3784 maiorem
286 3723 422 3782 *laborem
440 3723 530 3796 misse
554 3726 679 3782 incontra
697 3741 783 3800 quom
803 3727 928 3795 eiecere,
958 3722 995 3786 II.
1019 3725 1057 3799 3,
1079 3724 1112 3784 4.

60 3827 90 3888 Α
111 3823 194 3885 bello
209 3823 405 3886 Hannibalioo
426 3822 507 3882 finito
529 3819 566 3882 ad
588 3820 797 3901 Carthaginem
818 3823 944 3886 deletam
964 3825 1015 3887 uix
1035 3839 1110 3883 nnus
1199 3810 1202 3815 ’

60 3943 158 3988 annus
180 3924 293 3988 alterve
312 3923 390 3984 liber
411 3922 535 3985 abellis
552 3922 715 4001 Ligustinis
736 3923 806 3998 luit;
826 3923 1012 3986 rebellabant
1026 3921 1111 3996 enim,

60 4034 95 4088 ut
116 4033 240 4107 propter
260 4023 495 4087 necessariorum
512 4023 642 4104 Inopiam
666 4023 783 4087 Galliae
804 4031 833 4084 et
850 4023 1110 4117 Etruriae—partes

60 4126 234 4188 adiacentes
259 4124 521 4206 depopularentur:
551 4141 579 4186 v.
601 4124 668 4190 Lir.
689 4121 811 4189 XXXV.
833 4124 885 4187 to.
917 4119 1057 4188 XXXIX.
1081 4123 1109 4184 l.

59 4227 128 4292 XL.
151 4226 202 4291 25.
234 4227 313 4291 XLI.
337 4227 386 4288 16.
418 4223 511 4289 XLII.
534 4223 565 4288 8.
