2678 4776
231 442 294 512 ΑΙ)
317 441 402 512 olo.
424 443 625 514 BRUTUM
646 445 736 522 cla
758 447 809 516 76.
832 449 883 518 77.
1001 451 1086 522 417

34 617 134 679 errari
157 615 228 679 olim
248 617 324 680 lmc
342 617 464 682 eundem
482 627 603 700 putans,
624 619 674 700 qui
688 619 732 682 M.
752 619 896 683 Scaurum
912 620 960 684 ΜΣ
975 621 1008 684 P.
1031 640 1083 686 ac·

34 717 184 781 cnsanerit
214 716 387 782 defendente
419 720 585 796 Cicerone;
620 721 751 784 correxit
781 739 912 786 errorem
941 723 1083 804 Meyerus

34 817 194 882 secunlum
214 820 373 882 Ascanium
392 821 423 882 in
445 821 549 885 Scaur.
571 839 600 904 p.
621 825 670 886 19.

117 921 250 980 Pterelae
270 922 428 999 senectutis]
450 941 478 985 u.
500 923 531 983 in
553 941 578 985 c.
600 925 655 998 43,
680 925 751 986 161.

118 1021 193 1083 200.
237 1021 271 1080 dc
290 1022 369 1100 poca]
402 1023 555 1086 Ciceronis
576 1022 613 1085 de
632 1041 708 1106 pace
729 1023 932 1088 conservanda
952 1025 1082 1089 auotori-

33 1127 108 1183 tates
130 1120 237 1183 laudat
252 1123 393 1202 Meyerus
415 1123 531 1188 Diuers.
553 1123 602 1188 lv.
618 1127 666 1187 14.
689 1125 737 1190 VI.
753 1127 783 1188 6.
805 1125 884 1191 XVI.
900 1129 949 1188 12.

114 1219 265 1288 LXXVII.
309 1225 381 1287 267.
424 1229 470 1286 Μ.
489 1225 617 1303 Bthcha]
642 1225 780 1288 Caesaris
801 1225 832 1288 in
848 1227 1003 1290 consulatu
1018 1227 1082 1290 col-

32 1321 103 1402 lega
125 1322 167 1385 ad
185 1323 340 1387 tacendum
361 1325 399 1387 ah
420 1325 475 1389 illo
497 1333 617 1388 coactus
640 1344 696 1409 per
715 1327 862 1390 iniuriam.
904 1329 988 1393 Anno
1007 1331 1082 1392 703.

33 1425 153 1504 Syriam
179 1426 257 1488 rexit
278 1427 350 1488 satis
377 1427 487 1506 ignare
506 1425 682 1490 Parthorum
703 1437 772 1510 post
793 1428 932 1491 Crassum
954 1431 1083 1494 occisum

33 1526 218 1588 incursiones
246 1533 384 1590 metuens.
427 1527 514 1592 Bello
542 1528 622 1592 ciuili
650 1529 740 1591 classi
766 1529 966 1611 Pompeianae
992 1547 1082 1612 prae-

33 1628 147 1707 positus
168 1629 291 1690 moritur
312 1646 338 1690 a.
359 1629 436 1692 706:
456 1647 485 1693 n.
508 1627 595 1693 Caes.
616 1629 651 1692 B.
667 1630 729 1694 (lin.
748 1631 799 1694 lll.
823 1632 873 1693 18.

114 1731 176 1807 Ap.
197 1729 342 1807 another]
365 1729 468 1792 consul
489 1747 517 1790 a.
535 1731 607 1792 700.
652 1729 788 1793 Gilioiam
810 1743 886 1790 anno
909 1735 978 1791 ante
998 1729 1084 1793 Gice·

32 1847 133 1892 nonem
152 1830 231 1891 rexit
247 1831 429 1894 avarissime.
458 1830 607 1894 Reuersus
625 1829 687 1893 aP.
698 1829 860 1894 Dolabella
877 1837 905 1892 et
921 1831 1083 1893 maiestatis

33 1938 60 1992 et
87 1931 217 1993 ambitus
240 1939 408 2006 accusatus,
438 1930 490 1994 sed
510 1931 602 1993 Bruto
631 1937 661 1993 et
680 1931 838 1994 Hortensio
860 1930 1084 1994 defendentihus

33 2034 184 2094 annitente
199 2032 356 2114 Pompeio,
386 2033 469 2096 onius
497 2033 551 2096 Gn.
572 2031 650 2094 silius
671 2032 761 2113 Appii
784 2031 876 2094 liliam
900 2027 1024 2094 alteram
1051 2033 1083 2095 in

32 2133 220 2196 matrimonio
242 2134 385 2210 hahebat,
408 2133 559 2195 absolutus
582 2141 611 2195 et
632 2149 738 2196 censor
758 2137 874 2194 creatus
896 2140 940 2194 est
961 2151 989 2194 a
1010 2131 1083 2198 705.

32 2237 106 2298 Ante
140 2251 272 2316 pugnam
301 2235 505 2299 Pharsalicam
537 2235 640 2296 morho
672 2234 769 2316 periit.
818 2234 900 2297 Haec
931 2231 1083 2322 Meyerus.
1155 2222 1157 2226 ’

31 2335 104 2400 Eius
137 2336 171 2397 in
202 2333 355 2398 consulatu
386 2335 507 2414 collega
536 2335 592 2398 fnit
621 2335 657 2398 L.
684 2333 830 2398 Domitius
859 2333 1084 2410 Ahenobarbus,

33 2439 136 2516 grauis
159 2421 298 2500 Caesaris
324 2437 528 2511 aduersarium
560 2455 579 2498 a
605 2454 664 2518 qno
692 2454 755 2499 cum
778 2434 901 2500 Corfinii
925 2443 1027 2517 captus
1054 2443 1085 2500 et

33 2537 172 2601 dimissum
201 2546 293 2614 esset,
327 2537 407 2620 apud
432 2537 609 2602 Pharsalum
636 2530 771 2602 Antonii*
787 2555 876 2600 manu
903 2536 1023 2600 cecidit:
1053 2555 1083 2602 u.

33 2638 411 2709 omamffiffi

27 2795 30 2798 .
118 2739 195 2804 268.
239 2741 294 2800 duo
314 2740 440 2816 Lmtott]
462 2741 496 2802 Ρ.
511 2739 653 2802 Lentulus
673 2739 813 2820 Spinther
834 2737 938 2799 consul
959 2753 1024 2799 oum
1045 2735 1082 2814 Q.

32 2843 162 2908 Metello
179 2841 294 2922 Nepote
315 2841 351 2904 (le
367 2841 510 2905 Cicerone
531 2839 634 2902 exsule
654 2836 834 2900 restituendo
852 2837 961 2918 optime
978 2837 1086 2929 meruit

33 2963 58 3006 a.
76 2945 156 3008 097.
188 2941 311 3006 Corfinii
332 2941 497 3006 aGaesare
514 2945 616 3022 captus
639 2947 667 3002 et
688 2939 823 3000 dimissus
838 2939 972 3020 Pompeii
989 2939 1085 3022 parti·

32 3046 85 3108 ltus
111 3061 146 3105 se
168 3041 299 3105 adiunxit
321 3051 349 3105 ct
368 3044 399 3104 in
420 3043 556 3124 Aegypto
578 3049 709 3104 mortuus
731 3047 776 3102 est
797 3057 825 3100 c.
847 3041 926 3102 707:
952 3057 980 3104 u.
1003 3039 1084 3102 Dru-

31 3164 132 3209 manu.
153 3144 227 3206 llist.
244 3144 282 3207 ll.
303 3151 325 3207 t.
341 3143 378 3206 Il.
399 3163 428 3226 p.
442 3145 514 3208 533.
557 3125 643 3208 Alter
662 3141 804 3205 Lentulus
826 3145 871 3201 est
888 3141 925 3203 L.
941 3139 1084 3202 Lentulos

33 3250 122 3313 Grus.
142 3263 202 3309 cos.
215 3265 243 3308 a.
256 3245 333 3321 705,
352 3246 402 3328 qui
418 3253 541 3327 propter
558 3245 637 3308 aeris
654 3243 745 3307 alieni
761 3239 916 3307 cimbello
933 3239 1014 3304 ciuili
1029 3257 1083 3302 ex·

32 3346 156 3412 citando
170 3346 282 3410 lauisse
296 3341 401 3410 fertum.
424 3347 497 3412 Cum
506 3346 648 3430 Pompeio
663 3343 814 3426 iugulatus
832 3349 877 3405 cst
891 3343 922 3405 in
931 3343 1085 3424 Aegypto;

30 3467 57 3514 u.
78 3451 184 3513 Drum.
205 3447 227 3510 l.
245 3465 271 3510 c.
292 3467 322 3530 p.
343 3447 417 3512 548.

119 3555 152 3610 to
172 3567 204 3608 re
218 3549 340 3628 witon]
364 3549 494 3612 ahnntitnr
513 3549 653 3613 hocloco
670 3547 811 3626 Meyerus
833 3563 926 3624 genna
944 3543 1086 3606 iudiciale

31 3650 154 3715 licendi
173 3649 366 3715 deliberativo
384 3652 478 3713 maius
500 3659 528 3714 et
549 3649 697 3712 difficilius
715 3661 780 3710 esse
800 3636 1001 3728 probaturus.
1025 3643 1087 3736 Seth

32 3755 145 3818 Cicero
162 3751 236 3814 nihil
252 3751 334 3814 alind
350 3751 429 3828 dicit,
445 3771 533 3834 mam
542 3749 668 3815 Lentulo
685 3755 797 3811 tantam
809 3748 903 3810 fuisse
918 3745 1085 3823 facundiae,

32 3861 178 3937 quantum
207 3854 320 3916 hahere
352 3855 507 3918 conueniat
537 3853 632 3917 uirum
667 3851 714 3912 rei
744 3849 883 3930 publicae
912 3849 1085 3928 principem.

31 3957 174 4021 Ceterum
199 3954 255 4016 illa
281 3955 331 4014 aad
352 3954 494 4032 mpttcoat
522 3972 578 4013 non
599 3949 854 4027 [acatalecto
880 3945 1087 4025 distinguenda

31 4066 117 4135 sumt,
147 4063 180 4118 nt
208 4055 341 4118 semmua.
364 4039 370 4044 ⁵
392 4054 468 4118 Sunt
495 4055 571 4116 enim
596 4046 790 4136 παρένθετα
815 4057 845 4110 et
866 4047 1002 4110 minuunt
1027 4047 1087 4110 uim

29 4156 275 4241 praecedentium
295 4159 369 4215 sotis
380 4164 446 4215 erut
466 4157 680 4230 sustineretur,
701 4155 728 4212 at
748 4151 832 4212 modo
848 4157 961 4211 motor:
984 4154 1088 4210 orator

30 4261 113 4324 enim
143 4255 296 4340 cogitandi
326 4256 460 4322 lahorem
488 4257 605 4338 lugere
625 4271 685 4317 non
713 4252 810 4320 alebat.
859 4253 911 4318 Sic
942 4249 1088 4314 sententia

833 4367 878 4434 27
