2660 4776
228 551 370 627 ·lariltus,'
392 549 444 613 sed
464 551 550 614 bonis
570 549 632 612 illis
652 551 724 615 uiris
744 549 911 612 habebitur.
954 547 1034 611 linio·
1050 549 1122 611 satis
1150 555 1217 611 erat
1236 548 1282 612 ia·

237 652 374 730 cumdius,
402 651 470 714 dum
493 652 529 716 de
550 652 725 734 republica
746 651 857 714 dicero
874 645 944 730 (⁴⁹):
970 649 1048 712 unde
1070 669 1088 711 a
1107 649 1282 712 turbulentis

235 752 352 817 indiciis
388 760 417 814 et
450 754 574 834 strepitu
604 752 717 815 forensi
754 769 818 815 eum
853 752 1044 814 abhorruisse
1078 751 1281 830 intelligimus.

239 857 273 927 Q.
294 859 399 916 Varios
421 861 450 917 et
469 850 557 918 rebus
578 852 758 918 inveniendis
781 861 810 916 et
826 855 984 917 uerborum
1005 853 1122 915 flumine
1142 853 1282 917 actionis-

238 973 295 1037 que
315 957 498 1022 vehementia
519 963 621 1018 orator
641 956 722 1018 risus
745 963 804 1028 est;
825 955 851 1016 is
876 973 940 1016 oum
960 955 1102 1033 legeras
1122 953 1282 1034 plerosque

236 1057 399 1121 nobilitatis
424 1057 572 1139 principes
599 1057 631 1118 iu
655 1055 810 1118 discrimen
831 1054 1015 1130 adduxisset,
1043 1061 1194 1135 postremo
1220 1054 1282 1133 ipse

237 1157 340 1221 eadem
356 1158 426 1238 lege
446 1159 598 1221 damnatus
619 1159 736 1222 ciuitate
757 1157 883 1220 excessit
896 1151 959 1234 (⁵⁰).
990 1157 1040 1232 Sp.
1063 1155 1187 1215 litorius
1203 1153 1282 1216 deni-

238 1277 309 1340 que,
331 1262 399 1318 Son.
423 1264 529 1330 Titios,
563 1261 596 1330 Q.
624 1260 740 1336 Caepio,
769 1275 894 1339 quorum
911 1258 1022 1338 primus
1044 1275 1073 1318 a.
1096 1257 1176 1330 647,
1209 1254 1283 1316 alter

238 1377 267 1422 a.
289 1359 368 1434 666,
397 1360 501 1422 tertius
523 1359 786 1422 conscribimus
810 1359 882 1434 luit,
915 1359 989 1420 satis
1011 1357 1151 1422 valebant
1174 1357 1206 1417 in
1229 1355 1281 1416 illo

237 1459 379 1540 populari
409 1477 519 1539 genero
551 1458 666 1522 dicendi
686 1455 749 1539 (5¹).
791 1459 844 1523 llis
876 1458 967 1540 paulo
1000 1459 1169 1539 superiores
1201 1463 1283 1518 eraut

239 1559 421 1641 optimatium
442 1563 568 1643 patroni.
613 1559 744 1638 Quorum
770 1561 907 1641 princeps
929 1567 973 1622 est
996 1559 1029 1629 Q.
1050 1561 1167 1618 Mootus
1192 1561 1226 1614 Ρ.
1249 1560 1281 1616 F.

1323 247 1324 298 1

226 379 303 454 ’88
393 375 542 444 BREVlS
564 373 862 458 saoconnxmn
883 372 986 442 ROM.
1008 373 1118 443 diss.

1323 545 1324 600 1

1323 601 1324 660 1

239 1661 376 1722 Scaeuola
405 1662 441 1724 L.
468 1661 571 1726 Crassi
598 1661 718 1740 collega
742 1661 773 1722 iu
800 1660 955 1722 consulatu
983 1677 1010 1722 a.
1030 1659 1110 1733 669;
1138 1657 1185 1721 oir
1209 1657 1282 1718 iuris

237 1761 431 1842 peritissimus
450 1757 641 1843 gravissimus
660 1762 925 1837 constantissimus,
941 1761 1014 1822 iuris
1029 1757 1204 1841 prudentum
1220 1757 1282 1820 elo-

239 1863 457 1944 quentissimus,
484 1864 620 1946 pontifex
646 1865 806 1938 maximns3
835 1880 921 1944 quem
944 1861 1031 1925 Sulla
1054 1861 1086 1922 in
1110 1859 1213 1922 orbem
1237 1859 1281 1919 in-

238 1971 362 2042 gruente
387 1965 422 2028 L.
444 1964 544 2028 Iunius
565 1965 763 2046 Damasippus
781 1963 987 2027 Marianarum
1013 1963 1140 2042 partium
1164 1967 1282 2041 praetor

239 2063 277 2125 ad
298 2083 380 2128 aram
397 2065 504 2132 Vestae
524 2065 631 2130 occidit
652 2085 680 2127 a.
694 2067 773 2139 672,
796 2081 860 2126 com
875 2064 968 2127 Marii
988 2062 1106 2124 furores
1128 2070 1157 2124 et
1174 2061 1281 2124 Cinnae

233 2164 308 2227 odia
328 2168 482 2230 sanctitate
502 2169 581 2232 uitae
602 2169 729 2229 intactus
751 2160 974 2244 effugisset(⁵²).
1016 2162 1113 2226 Paulo
1134 2163 1281 2242 antiquior

237 2264 294 2326 hoo
322 2267 351 2324 C.
375 2267 493 2326 Fluctus
521 2268 648 2326 liminio
680 2266 783 2328 consol
813 2283 877 2328 oum
904 2265 1006 2329 Mario
1035 2283 1064 2325 a.
1085 2262 1165 2339 666,
1196 2263 1279 2324 hono

238 2362 375 2444 asperet
395 2365 486 2445 pusulo
509 2366 673 2442 horridior;
696 2375 794 2429 tamen
813 2366 980 2429 tolerabilis
1004 2373 1147 2446 patronus
1167 2365 1279 2426 habitus

239 2473 283 2528 ast
301 2473 330 2526 et
348 2467 498 2528 orationes
515 2467 649 2548 reliquit,
671 2487 748 2548 quae
764 2485 857 2549 puero
871 2467 1013 2530 Cicerone
1029 2465 1233 2546 legebantur(
1257 2465 1278 2545 ).

234 2565 270 2623 C.
292 2569 385 2624 Titios
411 2565 498 2630 homo
525 2567 662 2648 elegans,
690 2567 742 2629 sed
769 2586 874 2649 parum
899 2569 1054 2632 vehemens
1083 2565 1220 2629 Ciceroni
1245 2583 1278 2628 eo

237 2663 353 2728 uidetur
368 2669 553 2748 pervenisse,
576 2686 634 2750 quo
653 2669 718 2748 quis
734 2669 797 2730 siue
815 2668 995 2730 Graecarum
1010 2668 1163 2730 literarum
1180 2669 1279 2729 notitia

237 2759 347 2846 possin
373 2767 450 2830 idem
472 2777 560 2850 poeta
581 2776 719 2847 argutus,
740 2765 792 2830 sed
811 2769 927 2830 minima
948 2769 1049 2848 gruum
1070 2769 1101 2830 iu
1120 2768 1278 2847 tragoediis

238 2867 299 2929 sois
316 2863 379 2947 (5.4).
422 2868 515 2932 liuius
536 2869 651 2934 uidetur
671 2867 756 2930 locus
777 2869 850 2930 satis
868 2869 982 2952 amplus
1005 2867 1084 2950 apud
1096 2870 1278 2933 Ma'orohiun

238 2976 370 3032 seruatos
388 2967 457 3049 (‘):
486 2989 654 3052 quanquam
681 2969 707 3032 is
730 2970 941 3051 compositione
963 2969 1107 3032 dissoluta
1134 2978 1164 3033 et
1186 2971 1277 3035 uerbis

234 3069 476 3151 -inoomptioribus
505 3071 680 3152 antiquioris
708 3072 813 3134 aetatis
842 3071 1000 3150 imaginem
1024 3070 1126 3134 refert.
1172 3073 1202 3130 0.
1223 3075 1277 3129 Ρο-

236 3173 327 3248 pirtus
355 3173 385 3231 0.
408 3176 442 3230 F.
466 3171 558 3230 Cordo
580 3172 706 3244 Διοίοο,
740 3171 979 3253 eloquentissimi
998 3171 1080 3234 illius
1106 3171 1201 3248 ilius,
1232 3169 1276 3250 qni

238 3287 302 3332 cum
318 3270 437 3351 reliqna
454 3271 609 3334 nobilitate
622 3271 784 3336 madidatus
806 3279 850 3335 est
867 3273 1093 3354 aDamasippo,
1117 3290 1183 3335 cum
1202 3270 1275 3334 solus

237 3368 406 3434 Carbonum
433 3388 506 3446 ere
527 3371 647 3453 publica
668 3375 739 3437 ciris
765 3373 939 3451 labaretur,
968 3373 1111 3436 orationis
1137 3373 1275 3454 gramine

239 3510 452 3524 m

308 3601 354 3672 16)
374 3602 430 3658 Cio.
443 3600 523 3658 Brut.
536 3603 580 3670 63,
592 3603 652 3658 iii.
672 3605 746 3662 Vell.
760 3603 792 3662 11.
808 3603 849 3658 13.
937 3603 984 3672 66)
1002 3603 1058 3659 Cic.
1072 3602 1154 3658 Brut
1167 3603 1210 3668 63,
1220 3599 1272 3656 nni.

237 3685 287 3752 66,
304 3685 365 3741 366.
391 3685 453 3741 Vol.
466 3685 544 3742 Max.
559 3688 631 3746 Vlll.
646 3689 715 3754 6,1.
803 3689 850 3758 61)
868 3688 923 3744 Cic.
937 3687 1015 3743 Brut.
1028 3687 1072 3754 36,
1085 3687 1142 3742 136.
1160 3687 1209 3754 63,
1220 3684 1271 3740 mo.

235 3767 318 3824 stunc
335 3769 435 3824 'litium
449 3769 584 3843 significat
598 3773 654 3828 Dio
673 3773 766 3848 fragm.
783 3773 839 3829 111.
857 3791 883 3844 p.
899 3772 957 3829 lou
974 3774 1063 3826 Storu.
1083 3771 1219 3845 ἀγοραῖον
1233 3771 1273 3824 sut

238 3855 271 3911 dn
284 3857 469 3927 δικαστηρίων
486 3857 534 3915 τὸν
544 3855 605 3928 βιόν
617 3857 789 3928 ποιούμενον
807 3875 925 3926 vocans,
941 3859 992 3913 sed
1007 3856 1107 3912 iniuria
1120 3856 1271 3928 cognomine

242 3937 351 3998 Catum
369 3943 442 4000 dicit.
479 3943 627 4016 Caepionis
643 3943 671 3997 in
683 3943 814 4000 Scaurum
832 3945 894 4017 lege
907 3943 995 3998 Varia
1012 3942 1101 3998 oratio
1119 3943 1200 3996 etiam
1212 3940 1271 3996 Cla·

238 4025 294 4081 risii
309 4035 400 4084 aetate
417 4038 577 4102 superorum
596 4046 622 4084 v.
643 4047 671 4100 p.
683 4029 741 4085 171
758 4038 787 4084 st
801 4029 858 4088 los.
943 4029 989 4097 63)
1007 4020 1273 4090 stultissumi

233 4111 377 4178 16118..
448 4114 495 4182 63)
520 4111 742 4180 6161116631,
762 4115 819 4172 129.
907 4115 954 4184 61)
978 4113 1033 4172 cic.
1057 4111 1136 4169 Brut.
1153 4111 1202 4177 45,
1221 4105 1271 4162 167.

239 4211 266 4255 v.
284 4195 430 4269 Explicatt.
518 4199 564 4268 66)
583 4198 692 4256 Satura.
710 4197 741 4255 11.
762 4199 802 4254 ln.
860 4265 861 4268 Ἴ
