2646 4772
234 421 327 494 m
627 415 887 488 CICERONIS
987 488 989 494 .

236 588 356 655 solutus
378 593 470 674 atque
491 585 670 674 expeditus,
698 589 751 654 cui
772 589 800 653 si
820 589 886 653 vita
907 585 1184 673 suppeditavisset,
1206 585 1275 653 suh·

234 705 300 773 lato
332 705 449 772 ambitu
480 705 591 772 consul
622 705 724 772 lactus
759 715 858 783 essct,
888 704 960 791 plus
987 705 1147 771 facultatis
1173 704 1274 770 habuit

234 824 276 892 ad
306 823 469 890 dicendum
502 843 594 909 quam
622 821 802 890 uoluntatis.
852 824 955 908 itaque
984 821 1087 888 studio
1114 821 1189 888 huic
1217 841 1273 887 non

234 941 403 1020 satisfaciu
425 941 528 1008 oficio
544 961 619 1008 vero
636 943 744 1007 necin
762 943 888 1007 suorum
902 945 1156 1006 necessariorum
1173 941 1273 1005 causis

232 1079 292 1127 nec
319 1062 353 1126 in
377 1061 544 1140 sententia¹
560 1061 721 1124 senatoria
749 1057 855 1125 deluit.
874 1113 878 1119 .
898 1056 971 1123 246.
1000 1055 1173 1123 EtiamM.
1197 1056 1275 1122 Pon·

231 1178 327 1245 tidius
354 1172 513 1264 municeps
546 1187 654 1245 noster
680 1176 793 1242 multas
820 1178 959 1264 priuatas
978 1178 1103 1242 'causas
1132 1177 1273 1252 actitavit,

233 1296 379 1362 celeriter
409 1314 487 1360 sane
514 1294 613 1360 uerba
641 1295 772 1362 volvens
807 1313 866 1360 nec
895 1293 994 1360 hebes
1026 1297 1060 1359 in
1089 1295 1196 1360 causis
1225 1291 1273 1358 vel

233 1413 338 1480 dicam
363 1413 433 1499 plus
462 1413 555 1478 etiam
578 1431 669 1499 quam
699 1433 763 1479 non
785 1411 902 1489 hebes,
932 1411 990 1477 sed
1012 1409 1222 1478 effervescens
1242 1412 1272 1475 in

234 1530 366 1596 dicendo
399 1529 561 1596 stomacho
596 1549 692 1628 saepe
725 1531 950 1616 iracundiaque
979 1528 1213 1596 vehementius&
1244 1535 1273 1591 ut

231 1667 296 1716 ncn
328 1667 397 1714 cum
429 1647 613 1714 adversario
646 1647 761 1727 solum,
795 1649 990 1726 sedetiam,
1023 1647 1107 1734 quod
1132 1644 1271 1711 mirabile

231 1775 333 1844 esset,
354 1785 424 1832 cum
443 1766 545 1832 iudice
563 1768 650 1853 ipso,
672 1769 760 1832 cuius
780 1766 938 1832 delenit-'or
955 1763 1027 1830 esse
1045 1764 1142 1830 dehet
1161 1771 1273 1839 orator,

229 1885 334 1968 iurgio
357 1903 452 1970 saepe
474 1884 684 1950 contenderet.
715 1881 943 1950 M..Messalla
962 1884 1065 1948 minor
1084 1891 1157 1946 natu
1178 1900 1273 1966 quam

230 2019 291 2068 nos
321 2001 408 2070 nullo
439 2003 532 2068 modo
564 2004 674 2088 inops
703 2001 854 2074 sednon
882 2002 976 2068 nimis
1004 2009 1131 2066 ornatus
1158 2017 1273 2082 genere

230 2119 412 2186 verborum:
442 2121 577 2206 prudens
604 2128 713 2185 acutus
740 2120 866 2184 minime
894 2121 1051 2185 incautus·
1067 2126 1216 2204 patronus
1242 2117 1274 2179 in

231 2241 338 2304 causis
362 2238 591 2320 cognoscendis
622 2235 904 2324 componendisque
934 2236 1070 2320 diligens
1096 2235 1203 2318 magni
1226 2233 1273 2297 la-

230 2353 327 2420 boris.
344 2353 460 2420 multae
488 2373 603 2440 operae
629 2355 853 2440 multarumque
869 2355 1056 2420 causarum.
1104 2350 1185 2417 247:
1204 2348 1272 2414 Duo

231 2473 327 2536 ctiam
347 2469 470 2536 Metelli
492 2469 586 2536 Celer
614 2470 769 2559 ctNep'os
791 2493 854 2538 non
875 2470 954 2536 nihil
974 2475 1006 2536 in
1027 2471 1138 2536 causis
1159 2468 1273 2534 versati

230 2607 290 2654 nec
317 2589 385 2653 sine
413 2589 540 2674 ingenio
569 2607 629 2655 nec
649 2589 767 2655 indocti
787 2589 848 2656 hoc
864 2598 959 2654 ,eram
979 2585 1130 2674 populare
1153 2585 1273 2652 dicendi

230 2723 331 2790 genus
364 2707 511 2772 assecuti.
565 2703 621 2771 Gn.
658 2716 761 2772 antem
792 2703 942 2772 Lentulus
976 2703 1185 2770 Marcellinus
1215 2723 1272 2768 nec

231 2840 365 2910 unquam
394 2824 564 2892 indisertus
585 2833 617 2891 et
636 2825 670 2890 in
691 2824 861 2893 consulatu
875 2824 1192 2912 pereloquensuisus
1211 2829 1273 2901 est;

292 3040 339 3082 Md.
365 3017 470 3084 mirabile
481 3041 551 3097 essct]
565 3043 672 3086 mirabile.

292 3108 339 3152 2⁴².
368 3109 798 3166 Ca.actcmLctttottts]C.autem1·.
882 3151 884 3154 .
927 3161 929 3166 ,

228 3292 391 3366 17551-
416 3313 540 3352 suornm
559 3299 805 3368 necessariorum]
819 3314 953 3362 'satorum
975 3297 1123 3353 delendum
1148 3295 1274 3352 censehat

227 3378 309 3444 Ern.;
336 3379 469 3451 Meyerus
493 3400 615 3438 suorum
632 3389 924 3456 necessariorumque
945 3385 1104 3456 proposuit,
1130 3382 1273 3445 sententia,

227 3465 301 3534 quod
318 3467 483 3538 intelligam,
502 3468 585 3536 plana
602 3469 683 3524 nulla.

231 3599 236 3605 .
295 3550 356 3606 246.
392 3553 592 3622 effervescens]
611 3554 812 3624 ecferoescems
834 3555 884 3626 Lg.
902 3571 1012 3622 omnes,
1033 3553 1103 3608 Ven.
1123 3555 1148 3608 l.
1166 3555 1192 3608 i.
1217 3549 1272 3607 Otr.

228 3631 290 3688 Vat.
311 3633 362 3688 Gu.
376 3637 400 3690 l.
418 3637 461 3690 ed.
474 3655 515 3706 pr.
533 3638 622 3704 forma
636 3641 746 3708 antiqua
759 3650 788 3694 et
801 3641 909 3696 minime
925 3641 982 3693 eius
995 3640 1101 3694 aetatis.
1110 3667 1148 3677 —-
1168 3635 1272 3706 solum]

228 3731 282 3770 om.
302 3718 345 3770 ed.
360 3735 400 3788 pr.
419 3749 453 3760 —-
475 3723 614 3790 mirabile
632 3725 719 3792 essct]
737 3727 776 3780 sic
792 3726 858 3781 Par.
872 3725 907 3780 B.
923 3725 957 3780 0.
976 3723 1029 3794 Lg.
1050 3722 1238 3783 omnesVen.
1252 3721 1272 3772 1.

228 3796 286 3856 oo.
305 3797 390 3858 Orell.
407 3801 515 3876 Meyer.
543 3807 676 3865 omittunt
689 3811 752 3867 Par.
763 3813 796 3865 A.
806 3811 842 3866 D.
861 3811 937 3864 Grut.
956 3809 1021 3863 Ern.
1047 3809 1172 3879 Meyero
1186 3809 1274 3879 placet

228 3891 289 3950 est,
307 3887 427 3945 soloece.
463 3891 630 3964 Bernhardy
646 3905 721 3950 recte
739 3897 873 3967 explicet:
885 3895 971 3966 ,quod
988 3898 1155 3948 mirareris.
1166 3905 1203 3932 ’-
1229 3891 1272 3944 de·

228 3969 347 4040 leniter]
370 3973 409 4027 sic
432 3976 474 4030 ed.
492 3995 533 4048 pr.
562 3979 613 4050 Lg.
631 3979 656 4034 8.
675 3981 716 4035 35
734 3979 1051 4037 scolasticorum
1073 3977 1146 4034 Van.
1167 3979 1192 4031 1.
1229 3976 1273 4028 de·

227 4055 347 4112 dititios
370 4058 421 4114 Gu.
436 4063 513 4115 l.-
543 4063 702 4134 Messalla]
725 4067 804 4122 codd.
825 4065 982 4120 Messala.-
1006 4063 1065 4118 Sed
1087 4081 1116 4118 v.
1135 4062 1274 4116 Marinus

225 4139 254 4194 in
271 4159 381 4197 carmen
397 4143 523 4206 Fratrum
538 4149 679 4204 Arvalium
696 4170 722 4222 p.
741 4153 776 4206 28
788 4169 847 4222 sqq.

266 4225 354 4294 idi.
388 4243 449 4284 ooo
471 4231 560 4302 attat]
584 4234 747 4306 vulgabatur
771 4245 839 4296 ante
857 4233 908 4292 (ln.
933 4241 971 4289 et
984 4231 1062 4304 Moy.
1084 4201 1187 4296 mihil,-
1200 4228 1275 4292 illud,
