2646 4772
320 369 512 442 BRUTUS
541 373 631 443 ctu.
654 377 706 444 92.
728 378 779 446 00.
985 375 1072 450 ula

49 538 158 618 absum,
183 535 238 608 sed
260 549 293 608 ιιι
319 541 461 610 laborem
483 553 513 610 et
536 543 728 612 iudustriam.
771 544 845 612 319.
873 542 950 612 Cum
977 547 1074 631 igitur

48 677 135 724 essem
155 659 187 724 in
205 659 355 748 plurumis
376 662 483 730 causis
501 670 531 728 et
556 663 589 728 iu
609 661 800 750 principibus
821 665 961 750 patronis
983 667 1072 752 quin-

48 778 195 860 quenuium
234 777 302 845 fere
333 789 497 858 versatus,
536 788 600 846 tum
638 782 672 846 in
701 783 875 868 patrocinio
909 779 1072 864 Siciliensi

45 913 169 961 maxume
201 898 234 962 iu
266 907 424 964 certamen
455 899 526 966 veui
560 897 743 984 designatus
777 899 891 966 aedilis
919 920 989 968 eum
1016 902 1071 968 dc-

45 1012 153 1096 signate
175 1014 304 1082 consule
325 1013 502 1084 Hortensio.

96 1127 222 1221 *xciii
257 1121 322 1201 Sed
352 1137 499 1222 quoniam
531 1134 632 1202 omnis
659 1131 711 1202 hic
743 1153 845 1202 sermo
873 1145 1071 1204 nosternon

41 1247 128 1316 solum
154 1255 419 1320 enumerationem
447 1255 633 1334 oratoriam,
660 1273 767 1322 uerum
788 1257 882 1322 ctiam
903 1265 1072 1344 praecepta

41 1370 179 1451 quaedam
203 1369 376 1438 desiderat:
407 1371 482 1460 quid
509 1381 658 1459 tanquam
682 1373 850 1440 notandum
874 1383 905 1440 et
928 1371 1070 1440 animad-

39 1487 202 1554 vertendum
221 1491 262 1555 sit
278 1490 311 1554 in
321 1487 487 1560 Hortensio
506 1490 646 1558 breviter
664 1491 738 1575 licet
749 1491 864 1560 dicere.
897 1491 969 1558 320.
989 1489 1070 1558 Nam

38 1602 61 1666 is
78 1615 143 1690 post
164 1607 376 1687 consulatum,
406 1608 518 1689 credo,
541 1609 623 1697 quod
646 1610 765 1678 videret
787 1629 826 1676 ex
849 1609 1069 1678 consularibus

37 1724 176 1794 neminem
196 1745 268 1794 esse
284 1745 390 1794 secum
410 1727 666 1815 comparandum,
683 1727 866 1813 neglegeret
883 1737 985 1794 autem
1002 1748 1068 1807 eos,

36 1841 79 1924 qui
105 1843 250 1912 consules
275 1864 339 1912 non
366 1845 515 1924 luissent,
542 1863 691 1912 summum
719 1844 796 1912 illud
824 1863 913 1912 suum
935 1845 1068 1912 studium

34 1961 156 2041 remisit,
183 1982 244 2049 quo
271 1982 408 2050 apuero
435 1963 538 2031 iuerat
565 1966 730 2042 incensus,
761 1971 852 2048 atquc
879 1965 912 2028 in
934 1967 1069 2031 omnium

33 2067 124 2145 rerum
145 2079 339 2148 abundantia
358 2081 457 2148 uoluit
477 2080 618 2160 beatius,
648 2091 682 2148 ut
702 2082 770 2167 ipse
791 2079 935 2167 putabat,
955 2085 1068 2150 remis-

33 2194 90 2261 sius
117 2209 203 2266 certe
228 2201 346 2267 vivere.
388 2198 511 2266 Primus
541 2209 572 2266 et
600 2199 755 2266 secundus
779 2215 879 2266 annus
904 2208 940 2265 et
960 2201 1068 2267 tertius

32 2319 138 2382 tantum
160 2319 254 2404 quasi
274 2317 312 2384 de
334 2320 473 2406 picturae
494 2319 610 2386 veteris
634 2317 741 2385 colore
761 2317 951 2397 detraxerat,
969 2338 1068 2405 quan-

31 2437 84 2497 tum
109 2417 174 2503 ιιοῖι
195 2437 297 2524 quivis
325 2457 405 2504 unus
432 2457 471 2504 eu
497 2437 627 2526 populo,
657 2437 713 2503 sed
736 2437 938 2504 existumator
958 2437 1067 2506 dectus

31 2557 55 2612 et
82 2553 273 2639 intellegens
304 2565 412 2642 posset
441 2575 643 2641 cognoscere.
693 2553 836 2642 Longius
866 2565 968 2622 autem
994 2577 1067 2646 pro-

30 2667 153 2751 cedens,
182 2682 214 2738 ut
240 2673 272 2738 in
299 2675 412 2740 ceteris
438 2674 635 2760 eloquentiae
657 2674 814 2760 partibus,
839 2684 903 2739 tum
924 2694 1067 2741 maxume

28 2784 54 2848 in
73 2788 237 2856 eeleritate
264 2801 295 2856 et
315 2793 546 2857 continuatione
566 2789 733 2856 verborum
760 2790 991 2856 adhaerescens
1018 2795 1068 2859 sui
1085 2867 1089 2875 ,

28 2899 207 2974 dissimilior
229 2905 394 2974 videbatur
418 2907 486 2974 fieri
515 2905 639 2973 cotidie.
683 2905 756 2972 321.
783 2905 850 2973 Nus
878 2916 1066 2976 autemnon

79 3107 129 3149 320.
158 3109 183 3148 ιιι
197 3105 220 3146 ιιι
234 3104 325 3158 ceteris]
339 3109 363 3148 et
376 3107 397 3148 in
412 3107 503 3150 ceteris.

85 3276 150 3332 320.
185 3273 310 3346 adderet]
327 3275 436 3330 ardete
452 3273 503 3346 hg.
522 3273 648 3348 plerique
666 3285 694 3330 et
712 3275 754 3332 ed.
770 3291 811 3348 pr.
830 3305 864 3316 -
888 3275 1067 3350 meyleqeret]

23 3361 57 3413 sic
75 3361 129 3434 Lg.
147 3360 174 3415 8.
198 3359 240 3417 85.
260 3360 302 3414 51.
322 3360 364 3415 58.
391 3359 449 3416 Οιι.
468 3389 503 3402 -
531 3362 628 3432 ercan]
653 3379 705 3416 orn.
732 3361 775 3416 ed.
794 3378 850 3432 pn,
877 3369 905 3415 et
932 3372 974 3418 est
999 3380 1067 3418 sane

23 3459 108 3500 rarum
134 3452 224 3518 quael
245 3463 298 3518 pro
319 3445 386 3517 sere
408 3446 522 3514 dictum,
547 3447 584 3500 ad
605 3446 713 3502 modum
731 3446 832 3500 Graeci
850 3443 887 3507 ὥς
903 3463 925 3500 s.
944 3445 1014 3510 ὠςιί.
1031 3477 1067 3493 -

22 3533 234 3601 ecistumator]
252 3537 442 3587 aestumator
458 3531 548 3604 Lg.B.
564 3531 606 3587 35.
620 3531 662 3584 51.
681 3529 751 3584 Ven.
767 3531 791 3585 l.
819 3537 991 3586 emtumator
1008 3529 1066 3588 Οιι.

23 3622 181 3673 estimatur
198 3616 249 3690 ng.
267 3617 309 3674 30.
329 3617 370 3672 70.
406 3623 571 3672 eaduceator
590 3615 631 3669 53.
649 3614 690 3669 58.
708 3613 750 3672 68.
783 3619 946 3672 eattmutor
962 3618 1003 3673 20.
1023 3619 1065 3675 56.

22 3701 61 3756 ed.
77 3721 120 3773 pr.
140 3733 176 3743 -—
200 3702 379 3775 intellegens]
398 3704 438 3757 sic
454 3701 503 3772 Lg.
516 3701 542 3757 8.
558 3701 599 3754 51.
628 3695 685 3755 Οιι.
703 3731 737 3740 -
758 3709 864 3774 posset
881 3707 1067 3776 commonuere]

17 3795 120 3856 posset
144 3805 286 3860 maenum
310 3787 405 3844 scelus
430 3787 482 3842 Gu.
501 3786 524 3840 l.
542 3785 567 3840 2.
595 3784 646 3857 Lg.
671 3795 781 3855 praeter
804 3787 829 3842 8.
853 3787 894 3844 35.
916 3789 957 3844 51.
994 3789 1067 3846 Nem

21 3868 116 3926 salsum
134 3881 177 3927 est
196 3889 372 3946 eoqooscere
388 3874 416 3926 in
434 3871 485 3926 Gn.
498 3871 521 3928 l.
540 3871 610 3942 legi,
632 3880 662 3925 ut
679 3872 744 3926 dicit
761 3871 903 3943 Meyerus.
921 3904 956 3913 —
982 3881 1016 3928 ιιι
1035 3879 1067 3928 ιιι

22 3959 140 4027 selme]
154 3957 194 4011 sic
205 3957 256 4029 Lg.
268 3974 378 4024 omues,
394 3956 465 4012 Ven.
477 3955 500 4010 l.
520 3953 577 4011 Οιι.
596 3955 659 4012 Vat.
678 3955 729 4011 Gu.
742 3957 764 4012 l.
783 3955 825 4011 ed
836 3973 877 4026 pr.
894 3957 963 4011 Nor.
980 3955 1066 4012 Orell.

21 4037 147 4112 Meyer.;
165 4042 264 4113 prebat
275 4042 365 4098 Hand.
380 4042 494 4097 Turseli.
504 4040 536 4095 ll.
554 4059 581 4111 p.
592 4041 650 4096 538.
686 4047 715 4095 et
733 4046 766 4096 tu
782 4045 886 4095 celem
902 4041 984 4112 vulgo
1003 4042 1066 4096 lude

21 4126 54 4180 ab
70 4127 153 4182 Aldu.
188 4133 218 4181 et
236 4143 303 4182 crem
321 4133 353 4184 ιιι
370 4131 475 4184 ceteris
498 4124 644 4180 100ιο.-
668 4126 820 4194 maxume]
845 4125 885 4181 sic
908 4123 959 4197 Lg.
977 4125 1003 4181 8.
1022 4125 1064 4183 35.

21 4210 60 4268 51.
79 4213 124 4269 53,
144 4209 186 4269 58.
205 4211 247 4268 08.
267 4213 308 4268 70.
336 4209 393 4269 Οιι.
411 4243 446 4256 ·—
474 4211 595 4280 cotidie]
614 4209 664 4283 bg.
683 4210 726 4266 53.
751 4207 808 4267 oo.
