<?xml version="1.0" encoding="UTF-8"?>
<!DOCTYPE html PUBLIC "-//W3C//DTD XHTML 1.0 Transitional//EN"
    "http://www.w3.org/TR/xhtml1/DTD/xhtml1-transitional.dtd">
<html xmlns="http://www.w3.org/1999/xhtml" xml:lang="en" lang="en">
 <head>
  <title>
</title>
<meta http-equiv="Content-Type" content="text/html;charset=utf-8" />
  <meta name='ocr-system' content='tesseract 3.04.00' />
  <meta name='ocr-capabilities' content='ocr_page ocr_carea ocr_par ocr_line ocrx_word'/>
</head>
<body>
  <div class='ocr_page' id='page_1' title='image "./brutussivedecla00cicegoog/brutussivedecla00cicegoog_0415.png"; bbox 0 0 2644 4774; ppageno 0'>
   <div class='ocr_carea' id='block_1_1' title="bbox 239 389 1091 466">
    <p class='ocr_par' dir='ltr' id='par_1_1' title="bbox 239 389 1091 466">
     <span class='ocr_line' id='line_1_1' title="bbox 239 389 1091 466; baseline 0.007 -6"><span class='ocrx_word' id='word_1_1' title='bbox 239 391 299 460; x_wconf 85' lang='grc' dir='ltr'><strong>ΑΕ</strong></span> <span class='ocrx_word' id='word_1_2' title='bbox 324 390 408 460; x_wconf 83' lang='lat' dir='ltr'><strong>CIG.</strong></span> <span class='ocrx_word' id='word_1_3' title='bbox 430 389 632 462; x_wconf 79' lang='lat' dir='ltr'>BRUTUM</span> <span class='ocrx_word' id='word_1_4' title='bbox 655 391 745 460; x_wconf 79' lang='lat' dir='ltr'><strong>snt.</strong></span> <span class='ocrx_word' id='word_1_5' title='bbox 767 393 819 463; x_wconf 79' lang='lat'><strong>53.</strong></span> <span class='ocrx_word' id='word_1_6' title='bbox 841 393 893 464; x_wconf 77' lang='grc'><strong>54.</strong></span> <span class='ocrx_word' id='word_1_7' title='bbox 995 393 1091 466; x_wconf 71' lang='grc'><strong>805</strong></span> 
     </span>
    </p>
   </div>
   <div class='ocr_carea' id='block_1_2' title="bbox 43 564 1178 4276">
    <p class='ocr_par' dir='ltr' id='par_1_2' title="bbox 63 564 1092 748">
     <span class='ocr_line' id='line_1_2' title="bbox 63 564 1092 642; baseline 0.001 -16"><span class='ocrx_word' id='word_1_8' title='bbox 63 569 183 626; x_wconf 81' lang='lat' dir='ltr'><strong>uersatus</strong></span> <span class='ocrx_word' id='word_1_9' title='bbox 209 569 253 626; x_wconf 86' lang='lat' dir='ltr'><strong>est</strong></span> <span class='ocrx_word' id='word_1_10' title='bbox 280 564 480 631; x_wconf 85' lang='lat' dir='ltr'><strong>Gemlerdns.</strong></span> <span class='ocrx_word' id='word_1_11' title='bbox 522 565 604 630; x_wconf 86' lang='lat' dir='ltr'><strong>lutra</strong></span> <span class='ocrx_word' id='word_1_12' title='bbox 633 583 658 630; x_wconf 91' lang='lat' dir='ltr'><strong>c.</strong></span> <span class='ocrx_word' id='word_1_13' title='bbox 680 567 737 642; x_wconf 84' lang='grc'><strong>92,</strong></span> <span class='ocrx_word' id='word_1_14' title='bbox 759 565 838 630; x_wconf 76' lang='lat'>284:</span> <span class='ocrx_word' id='word_1_15' title='bbox 867 565 932 626; x_wconf 83' lang='lat' dir='ltr'><strong>tude</strong></span> <span class='ocrx_word' id='word_1_16' title='bbox 952 573 1015 626; x_wconf 85' lang='lat' dir='ltr'><strong>erat</strong></span> <span class='ocrx_word' id='word_1_17' title='bbox 1034 569 1092 627; x_wconf 82' lang='lat' dir='ltr'><strong>tstc</strong></span> 
     </span>
     <span class='ocr_line' id='line_1_3' title="bbox 63 665 977 748; baseline 0.004 -26"><span class='ocrx_word' id='word_1_18' title='bbox 63 665 179 736; x_wconf 59' lang='lat' dir='ltr'><strong>coelitem</strong></span> <span class='ocrx_word' id='word_1_19' title='bbox 201 685 287 744; x_wconf 83' lang='lat' dir='ltr'><strong>qcoano</strong></span> <span class='ocrx_word' id='word_1_20' title='bbox 306 667 355 726; x_wconf 79' lang='lat' dir='ltr'><strong>ille</strong></span> <span class='ocrx_word' id='word_1_21' title='bbox 374 665 514 748; x_wconf 80' lang='lat' dir='ltr'><strong>(Gulnus)</strong></span> <span class='ocrx_word' id='word_1_22' title='bbox 535 669 569 728; x_wconf 87' lang='lat' dir='ltr'><strong>de</strong></span> <span class='ocrx_word' id='word_1_23' title='bbox 588 667 731 729; x_wconf 67' lang='lat' dir='ltr'><strong>indemnia</strong></span> <span class='ocrx_word' id='word_1_24' title='bbox 752 667 977 746; x_wconf 70' lang='lat' dir='ltr'><strong><em>consequebatur.</em></strong></span> 
     </span>
    </p>

    <p class='ocr_par' dir='ltr' id='par_1_3' title="bbox 61 766 1178 1147">
     <span class='ocr_line' id='line_1_4' title="bbox 136 766 1092 847; baseline 0.006 -22"><span class='ocrx_word' id='word_1_25' title='bbox 136 767 289 845; x_wconf 79' lang='lat' dir='ltr'><strong>delectavit]</strong></span> <span class='ocrx_word' id='word_1_26' title='bbox 321 767 401 831; x_wconf 85' lang='lat' dir='ltr'><strong>refer</strong></span> <span class='ocrx_word' id='word_1_27' title='bbox 431 768 469 831; x_wconf 83' lang='lat' dir='ltr'><strong>ad</strong></span> <span class='ocrx_word' id='word_1_28' title='bbox 495 773 607 830; x_wconf 77' lang='lat' dir='ltr'><strong>onincos</strong></span> <span class='ocrx_word' id='word_1_29' title='bbox 628 771 770 844; x_wconf 70' lang='grc' dir='ltr'>οιιιιιίιιιιι,</span> <span class='ocrx_word' id='word_1_30' title='bbox 798 768 876 831; x_wconf 82' lang='lat' dir='ltr'><strong>male</strong></span> <span class='ocrx_word' id='word_1_31' title='bbox 904 768 979 830; x_wconf 82' lang='lat' dir='ltr'><strong>enim</strong></span> <span class='ocrx_word' id='word_1_32' title='bbox 999 766 1092 847; x_wconf 77' lang='lat' dir='ltr'><strong>vulgo</strong></span> 
     </span>
     <span class='ocr_line' id='line_1_5' title="bbox 61 863 1093 952; baseline 0.001 -23"><span class='ocrx_word' id='word_1_33' title='bbox 61 866 169 946; x_wconf 79' lang='lat' dir='ltr'><strong>virgula</strong></span> <span class='ocrx_word' id='word_1_34' title='bbox 189 863 370 947; x_wconf 81' lang='lat' dir='ltr'><strong>distinguunt</strong></span> <span class='ocrx_word' id='word_1_35' title='bbox 389 876 457 950; x_wconf 88' lang='lat' dir='ltr'><strong>post</strong></span> <span class='ocrx_word' id='word_1_36' title='bbox 475 871 630 931; x_wconf 64' lang='lat' dir='ltr'><strong>manacta</strong></span> <span class='ocrx_word' id='word_1_37' title='bbox 662 869 708 933; x_wconf 89' lang='lat' dir='ltr'><strong>De</strong></span> <span class='ocrx_word' id='word_1_38' title='bbox 728 870 891 952; x_wconf 76' lang='lat' dir='ltr'><strong>hyperbato</strong></span> <span class='ocrx_word' id='word_1_39' title='bbox 912 867 991 950; x_wconf 84' lang='lat' dir='ltr'><strong>apud</strong></span> <span class='ocrx_word' id='word_1_40' title='bbox 1008 867 1093 933; x_wconf 88' lang='lat' dir='ltr'><strong>Gice-</strong></span> 
     </span>
     <span class='ocr_line' id='line_1_6' title="bbox 61 969 1178 1051; baseline 0.004 -23"><span class='ocrx_word' id='word_1_41' title='bbox 61 985 151 1030; x_wconf 89' lang='lat' dir='ltr'><strong>rocem</strong></span> <span class='ocrx_word' id='word_1_42' title='bbox 172 969 296 1051; x_wconf 84' lang='lat' dir='ltr'><strong>exposui</strong></span> <span class='ocrx_word' id='word_1_43' title='bbox 315 969 347 1030; x_wconf 90' lang='lat' dir='ltr'><strong>in</strong></span> <span class='ocrx_word' id='word_1_44' title='bbox 369 969 405 1031; x_wconf 91' lang='lat' dir='ltr'><strong>de</strong></span> <span class='ocrx_word' id='word_1_45' title='bbox 424 971 475 1034; x_wconf 90' lang='lat' dir='ltr'><strong>0r.</strong></span> <span class='ocrx_word' id='word_1_46' title='bbox 490 971 514 1034; x_wconf 93' lang='lat' dir='ltr'><strong>l.</strong></span> <span class='ocrx_word' id='word_1_47' title='bbox 539 973 594 1048; x_wconf 87' lang='grc'><strong>10,</strong></span> <span class='ocrx_word' id='word_1_48' title='bbox 612 971 662 1034; x_wconf 85' lang='grc'><strong>39.</strong></span> <span class='ocrx_word' id='word_1_49' title='bbox 705 970 750 1034; x_wconf 87' lang='lat' dir='ltr'><strong>De</strong></span> <span class='ocrx_word' id='word_1_50' title='bbox 770 970 921 1033; x_wconf 74' lang='lat' dir='ltr'>hilaritate</span> <span class='ocrx_word' id='word_1_51' title='bbox 940 969 1011 1046; x_wconf 88' lang='lat' dir='ltr'><strong>illa,</strong></span> <span class='ocrx_word' id='word_1_52' title='bbox 1034 987 1094 1050; x_wconf 86' lang='lat' dir='ltr'><strong>qna</strong></span> <span class='ocrx_word' id='word_1_53' title='bbox 1174 1035 1178 1042; x_wconf 63' lang='grc'><strong>,</strong></span> 
     </span>
     <span class='ocr_line' id='line_1_7' title="bbox 61 1069 1092 1147; baseline 0.004 -19"><span class='ocrx_word' id='word_1_54' title='bbox 61 1085 168 1132; x_wconf 87' lang='lat' dir='ltr'><strong>causam</strong></span> <span class='ocrx_word' id='word_1_55' title='bbox 181 1069 340 1134; x_wconf 79' lang='lat' dir='ltr'><strong>Curionum</strong></span> <span class='ocrx_word' id='word_1_56' title='bbox 350 1077 442 1134; x_wconf 86' lang='lat' dir='ltr'><strong>totam</strong></span> <span class='ocrx_word' id='word_1_57' title='bbox 454 1071 580 1136; x_wconf 77' lang='lat' dir='ltr'><strong>Crassus</strong></span> <span class='ocrx_word' id='word_1_58' title='bbox 595 1072 741 1147; x_wconf 83' lang='lat' dir='ltr'><strong>tractauit,</strong></span> <span class='ocrx_word' id='word_1_59' title='bbox 758 1089 786 1135; x_wconf 89' lang='grc' dir='ltr'><strong>ι.</strong></span> <span class='ocrx_word' id='word_1_60' title='bbox 799 1070 1092 1147; x_wconf 61' lang='lat' dir='ltr'><strong>montisacuti.</strong></span> 
     </span>
    </p>

    <p class='ocr_par' dir='ltr' id='par_1_4' title="bbox 59 1172 1095 1555">
     <span class='ocr_line' id='line_1_8' title="bbox 137 1172 1093 1254; baseline 0.001 -22"><span class='ocrx_word' id='word_1_61' title='bbox 137 1172 207 1234; x_wconf 84' lang='grc'><strong>198.</strong></span> <span class='ocrx_word' id='word_1_62' title='bbox 250 1181 386 1250; x_wconf 83' lang='lat' dir='ltr'><strong>quantam</strong></span> <span class='ocrx_word' id='word_1_63' title='bbox 405 1173 458 1232; x_wconf 83' lang='lat' dir='ltr'><strong>sttt</strong></span> <span class='ocrx_word' id='word_1_64' title='bbox 479 1178 633 1252; x_wconf 80' lang='lat' dir='ltr'><strong>potentiam</strong></span> <span class='ocrx_word' id='word_1_65' title='bbox 651 1207 689 1217; x_wconf 93' lang='lat'>-</span> <span class='ocrx_word' id='word_1_66' title='bbox 712 1173 875 1250; x_wconf 74' lang='lat' dir='ltr'><strong>assumeret]</strong></span> <span class='ocrx_word' id='word_1_67' title='bbox 903 1173 960 1235; x_wconf 87' lang='lat' dir='ltr'><strong>huc</strong></span> <span class='ocrx_word' id='word_1_68' title='bbox 980 1173 1011 1234; x_wconf 88' lang='lat' dir='ltr'><strong>iu</strong></span> <span class='ocrx_word' id='word_1_69' title='bbox 1031 1173 1093 1254; x_wconf 86' lang='lat' dir='ltr'><strong>pri-</strong></span> 
     </span>
     <span class='ocr_line' id='line_1_9' title="bbox 60 1269 1095 1356; baseline 0.004 -26"><span class='ocrx_word' id='word_1_70' title='bbox 60 1269 106 1330; x_wconf 89' lang='lat' dir='ltr'><strong>nis</strong></span> <span class='ocrx_word' id='word_1_71' title='bbox 131 1279 244 1354; x_wconf 85' lang='lat' dir='ltr'><strong>spectat</strong></span> <span class='ocrx_word' id='word_1_72' title='bbox 271 1269 355 1335; x_wconf 88' lang='lat' dir='ltr'><strong>locus</strong></span> <span class='ocrx_word' id='word_1_73' title='bbox 384 1272 696 1350; x_wconf 79' lang='lat' dir='ltr'><strong>de0r.11.6‚2l.‚</strong></span> <span class='ocrx_word' id='word_1_74' title='bbox 727 1291 785 1356; x_wconf 77' lang='lat' dir='ltr'><strong>quo</strong></span> <span class='ocrx_word' id='word_1_75' title='bbox 811 1275 880 1355; x_wconf 86' lang='lat' dir='ltr'><strong>ipsa</strong></span> <span class='ocrx_word' id='word_1_76' title='bbox 908 1273 964 1335; x_wconf 83' lang='lat' dir='ltr'><strong>illc</strong></span> <span class='ocrx_word' id='word_1_77' title='bbox 992 1273 1095 1338; x_wconf 79' lang='lat' dir='ltr'><strong>Crassi</strong></span> 
     </span>
     <span class='ocr_line' id='line_1_10' title="bbox 59 1371 1094 1458; baseline 0.003 -24"><span class='ocrx_word' id='word_1_78' title='bbox 59 1371 141 1434; x_wconf 81' lang='lat' dir='ltr'><strong>verba</strong></span> <span class='ocrx_word' id='word_1_79' title='bbox 169 1374 202 1435; x_wconf 87' lang='lat' dir='ltr'><strong>iu</strong></span> <span class='ocrx_word' id='word_1_80' title='bbox 233 1373 409 1438; x_wconf 82' lang='lat' dir='ltr'><strong>Scaevolam</strong></span> <span class='ocrx_word' id='word_1_81' title='bbox 439 1375 513 1437; x_wconf 86' lang='lat' dir='ltr'><strong>iuris</strong></span> <span class='ocrx_word' id='word_1_82' title='bbox 544 1374 718 1456; x_wconf 85' lang='lat' dir='ltr'><strong>prudentiae</strong></span> <span class='ocrx_word' id='word_1_83' title='bbox 750 1375 837 1458; x_wconf 77' lang='lat' dir='ltr'><strong>qnasi</strong></span> <span class='ocrx_word' id='word_1_84' title='bbox 870 1373 1094 1438; x_wconf 75' lang='lat' dir='ltr'><strong>dominationem</strong></span> 
     </span>
     <span class='ocr_line' id='line_1_11' title="bbox 60 1473 726 1555; baseline 0.008 -21"><span class='ocrx_word' id='word_1_85' title='bbox 60 1473 196 1546; x_wconf 75' lang='lat' dir='ltr'><strong>quandam</strong></span> <span class='ocrx_word' id='word_1_86' title='bbox 219 1474 275 1536; x_wconf 87' lang='lat' dir='ltr'><strong>sibi</strong></span> <span class='ocrx_word' id='word_1_87' title='bbox 298 1483 488 1555; x_wconf 77' lang='lat' dir='ltr'><strong>arrogantem</strong></span> <span class='ocrx_word' id='word_1_88' title='bbox 510 1485 726 1542; x_wconf 80' lang='lat' dir='ltr'><strong>conuertuntur.</strong></span> 
     </span>
    </p>

    <p class='ocr_par' dir='ltr' id='par_1_5' title="bbox 56 1575 1095 1854">
     <span class='ocr_line' id='line_1_12' title="bbox 134 1575 1095 1660; baseline 0.006 -26"><span class='ocrx_word' id='word_1_89' title='bbox 134 1576 242 1635; x_wconf 80' lang='lat' dir='ltr'><strong>discisso</strong></span> <span class='ocrx_word' id='word_1_90' title='bbox 269 1585 301 1634; x_wconf 83' lang='lat' dir='ltr'><strong>at</strong></span> <span class='ocrx_word' id='word_1_91' title='bbox 330 1585 428 1637; x_wconf 85' lang='lat' dir='ltr'><strong>contro</strong></span> <span class='ocrx_word' id='word_1_92' title='bbox 457 1595 538 1640; x_wconf 85' lang='lat' dir='ltr'><strong>nemo</strong></span> <span class='ocrx_word' id='word_1_93' title='bbox 565 1576 716 1656; x_wconf 76' lang='lat' dir='ltr'><strong>uideretur]</strong></span> <span class='ocrx_word' id='word_1_94' title='bbox 746 1577 927 1660; x_wconf 84' lang='lat' dir='ltr'><strong>superiorem</strong></span> <span class='ocrx_word' id='word_1_95' title='bbox 955 1575 1095 1643; x_wconf 79' lang='lat' dir='ltr'><strong>Crassum</strong></span> 
     </span>
     <span class='ocr_line' id='line_1_13' title="bbox 60 1675 1095 1745; baseline 0.009 -11"><span class='ocrx_word' id='word_1_96' title='bbox 60 1690 92 1736; x_wconf 84' lang='lat' dir='ltr'><strong>cx</strong></span> <span class='ocrx_word' id='word_1_97' title='bbox 112 1675 167 1738; x_wconf 90' lang='lat' dir='ltr'><strong>loc</strong></span> <span class='ocrx_word' id='word_1_98' title='bbox 195 1677 356 1741; x_wconf 87' lang='lat' dir='ltr'><strong>certamine</strong></span> <span class='ocrx_word' id='word_1_99' title='bbox 383 1675 555 1742; x_wconf 78' lang='lat' dir='ltr'><strong>discessisse</strong></span> <span class='ocrx_word' id='word_1_100' title='bbox 582 1679 719 1742; x_wconf 85' lang='lat' dir='ltr'><strong>discimus</strong></span> <span class='ocrx_word' id='word_1_101' title='bbox 741 1697 778 1743; x_wconf 83' lang='lat' dir='ltr'><strong>ex</strong></span> <span class='ocrx_word' id='word_1_102' title='bbox 797 1681 917 1744; x_wconf 84' lang='lat' dir='ltr'><strong>Antonii</strong></span> <span class='ocrx_word' id='word_1_103' title='bbox 937 1681 1036 1745; x_wconf 80' lang='lat' dir='ltr'><strong>uerbis</strong></span> <span class='ocrx_word' id='word_1_104' title='bbox 1058 1679 1095 1743; x_wconf 89' lang='lat' dir='ltr'><strong>dc</strong></span> 
     </span>
     <span class='ocr_line' id='line_1_14' title="bbox 56 1775 316 1854; baseline 0.012 -18"><span class='ocrx_word' id='word_1_105' title='bbox 56 1775 102 1837; x_wconf 90' lang='lat' dir='ltr'><strong>0r.</strong></span> <span class='ocrx_word' id='word_1_106' title='bbox 120 1777 142 1844; x_wconf 91' lang='grc' dir='ltr'><strong>Ι.</strong></span> <span class='ocrx_word' id='word_1_107' title='bbox 164 1775 223 1854; x_wconf 77' lang='grc'><strong>59,</strong></span> <span class='ocrx_word' id='word_1_108' title='bbox 245 1780 316 1842; x_wconf 88' lang='grc'><strong>239.</strong></span> 
     </span>
    </p>

    <p class='ocr_par' dir='ltr' id='par_1_6' title="bbox 55 1877 1095 2064">
     <span class='ocr_line' id='line_1_15' title="bbox 131 1877 1095 1956; baseline 0.001 -15"><span class='ocrx_word' id='word_1_109' title='bbox 131 1877 208 1944; x_wconf 87' lang='lat' dir='ltr'><strong>LIV.</strong></span> <span class='ocrx_word' id='word_1_110' title='bbox 252 1881 324 1942; x_wconf 93' lang='grc'><strong>299.</strong></span> <span class='ocrx_word' id='word_1_111' title='bbox 369 1878 543 1956; x_wconf 78' lang='lat' dir='ltr'><strong>oscitantem]</strong></span> <span class='ocrx_word' id='word_1_112' title='bbox 560 1878 669 1941; x_wconf 87' lang='lat' dir='ltr'><strong>similia</strong></span> <span class='ocrx_word' id='word_1_113' title='bbox 685 1877 721 1942; x_wconf 89' lang='lat' dir='ltr'><strong>de</strong></span> <span class='ocrx_word' id='word_1_114' title='bbox 731 1879 803 1942; x_wconf 93' lang='lat' dir='ltr'><strong>boni</strong></span> <span class='ocrx_word' id='word_1_115' title='bbox 820 1887 870 1942; x_wconf 88' lang='lat' dir='ltr'><strong>aut</strong></span> <span class='ocrx_word' id='word_1_116' title='bbox 886 1878 956 1942; x_wconf 90' lang='lat' dir='ltr'><strong>mali</strong></span> <span class='ocrx_word' id='word_1_117' title='bbox 966 1879 1095 1942; x_wconf 88' lang='lat' dir='ltr'><strong>oratoris</strong></span> 
     </span>
     <span class='ocr_line' id='line_1_16' title="bbox 55 1974 1093 2064; baseline 0.005 -27"><span class='ocrx_word' id='word_1_118' title='bbox 55 1974 194 2054; x_wconf 82' lang='lat' dir='ltr'><strong>dictione,</strong></span> <span class='ocrx_word' id='word_1_119' title='bbox 211 1977 356 2061; x_wconf 69' lang='lat' dir='ltr'><strong>quemme</strong></span> <span class='ocrx_word' id='word_1_120' title='bbox 374 1975 523 2041; x_wconf 80' lang='lat' dir='ltr'><strong>audientes</strong></span> <span class='ocrx_word' id='word_1_121' title='bbox 535 1979 658 2056; x_wconf 86' lang='lat' dir='ltr'><strong>alliciat,</strong></span> <span class='ocrx_word' id='word_1_122' title='bbox 675 1989 834 2042; x_wconf 88' lang='lat' dir='ltr'><strong>narrantur</strong></span> <span class='ocrx_word' id='word_1_123' title='bbox 848 1998 872 2043; x_wconf 92' lang='lat' dir='ltr'><strong>c.</strong></span> <span class='ocrx_word' id='word_1_124' title='bbox 884 1983 941 2058; x_wconf 82' lang='grc'><strong>94,</strong></span> <span class='ocrx_word' id='word_1_125' title='bbox 954 1982 1016 2044; x_wconf 83' lang='grc'><strong>289</strong></span> <span class='ocrx_word' id='word_1_126' title='bbox 1028 1999 1093 2064; x_wconf 86' lang='lat' dir='ltr'><strong>sqq.</strong></span> 
     </span>
    </p>

    <p class='ocr_par' dir='ltr' id='par_1_7' title="bbox 43 2079 1159 3468">
     <span class='ocr_line' id='line_1_17' title="bbox 132 2079 1095 2164; baseline 0.005 -25"><span class='ocrx_word' id='word_1_127' title='bbox 132 2080 325 2159; x_wconf 72' lang='lat' dir='ltr'><strong>escendentem]</strong></span> <span class='ocrx_word' id='word_1_128' title='bbox 357 2081 432 2142; x_wconf 87' lang='lat' dir='ltr'><strong>mira</strong></span> <span class='ocrx_word' id='word_1_129' title='bbox 453 2087 498 2142; x_wconf 90' lang='lat' dir='ltr'><strong>est</strong></span> <span class='ocrx_word' id='word_1_130' title='bbox 517 2079 597 2144; x_wconf 83' lang='lat' dir='ltr'><strong>Ririi</strong></span> <span class='ocrx_word' id='word_1_131' title='bbox 623 2081 753 2162; x_wconf 90' lang='lat' dir='ltr'><strong>suspicio</strong></span> <span class='ocrx_word' id='word_1_132' title='bbox 775 2081 975 2154; x_wconf 71' lang='lat' dir='ltr'><strong>nenoteanes,</strong></span> <span class='ocrx_word' id='word_1_133' title='bbox 1005 2100 1095 2164; x_wconf 86' lang='lat' dir='ltr'><strong>prac-</strong></span> 
     </span>
     <span class='ocr_line' id='line_1_18' title="bbox 55 2171 1104 2264; baseline 0.007 -24"><span class='ocrx_word' id='word_1_134' title='bbox 55 2181 149 2243; x_wconf 88' lang='lat' dir='ltr'><strong>sertim</strong></span> <span class='ocrx_word' id='word_1_135' title='bbox 172 2199 236 2244; x_wconf 91' lang='lat' dir='ltr'><strong>cum</strong></span> <span class='ocrx_word' id='word_1_136' title='bbox 257 2182 322 2263; x_wconf 87' lang='lat' dir='ltr'><strong>ipse</strong></span> <span class='ocrx_word' id='word_1_137' title='bbox 344 2179 487 2263; x_wconf 84' lang='lat' dir='ltr'><strong>quasdam</strong></span> <span class='ocrx_word' id='word_1_138' title='bbox 508 2199 566 2244; x_wconf 87' lang='lat' dir='ltr'><strong>nou</strong></span> <span class='ocrx_word' id='word_1_139' title='bbox 586 2182 687 2264; x_wconf 88' lang='lat' dir='ltr'><strong>inepta</strong></span> <span class='ocrx_word' id='word_1_140' title='bbox 708 2180 814 2244; x_wconf 81' lang='lat' dir='ltr'><strong>alferat</strong></span> <span class='ocrx_word' id='word_1_141' title='bbox 835 2181 873 2244; x_wconf 88' lang='lat' dir='ltr'><strong>ad</strong></span> <span class='ocrx_word' id='word_1_142' title='bbox 891 2171 1104 2264; x_wconf 81' lang='lat' dir='ltr'><strong>explicandum</strong></span> 
     </span>
     <span class='ocr_line' id='line_1_19' title="bbox 55 2281 1095 2364; baseline 0.004 -22"><span class='ocrx_word' id='word_1_143' title='bbox 55 2281 170 2344; x_wconf 81' lang='lat' dir='ltr'><strong>uerbum</strong></span> <span class='ocrx_word' id='word_1_144' title='bbox 192 2281 363 2353; x_wconf 83' lang='lat' dir='ltr'><strong>ctrcotoodi,</strong></span> <span class='ocrx_word' id='word_1_145' title='bbox 391 2281 470 2364; x_wconf 90' lang='lat' dir='ltr'><strong>quod</strong></span> <span class='ocrx_word' id='word_1_146' title='bbox 492 2289 536 2346; x_wconf 84' lang='lat' dir='ltr'><strong>est</strong></span> <span class='ocrx_word' id='word_1_147' title='bbox 563 2301 622 2345; x_wconf 88' lang='lat' dir='ltr'><strong>non</strong></span> <span class='ocrx_word' id='word_1_148' title='bbox 643 2300 701 2345; x_wconf 90' lang='lat' dir='ltr'><strong>unc</strong></span> <span class='ocrx_word' id='word_1_149' title='bbox 722 2281 790 2346; x_wconf 94' lang='lat' dir='ltr'><strong>loco</strong></span> <span class='ocrx_word' id='word_1_150' title='bbox 812 2283 931 2361; x_wconf 87' lang='lat' dir='ltr'><strong>sedere,</strong></span> <span class='ocrx_word' id='word_1_151' title='bbox 960 2283 1012 2346; x_wconf 89' lang='lat' dir='ltr'><strong>sed</strong></span> <span class='ocrx_word' id='word_1_152' title='bbox 1036 2285 1095 2347; x_wconf 89' lang='lat' dir='ltr'><strong>cir-</strong></span> 
     </span>
     <span class='ocr_line' id='line_1_20' title="bbox 56 2377 1095 2466; baseline 0.007 -24"><span class='ocrx_word' id='word_1_153' title='bbox 56 2383 160 2446; x_wconf 89' lang='lat' dir='ltr'><strong>cumire</strong></span> <span class='ocrx_word' id='word_1_154' title='bbox 190 2389 219 2445; x_wconf 86' lang='lat' dir='ltr'><strong>ct</strong></span> <span class='ocrx_word' id='word_1_155' title='bbox 244 2379 426 2458; x_wconf 82' lang='lat' dir='ltr'><strong>discursare,</strong></span> <span class='ocrx_word' id='word_1_156' title='bbox 457 2391 489 2444; x_wconf 88' lang='lat' dir='ltr'><strong>ut</strong></span> <span class='ocrx_word' id='word_1_157' title='bbox 515 2399 580 2446; x_wconf 90' lang='lat' dir='ltr'><strong>cum</strong></span> <span class='ocrx_word' id='word_1_158' title='bbox 605 2384 657 2460; x_wconf 89' lang='lat' dir='ltr'><strong>iis,</strong></span> <span class='ocrx_word' id='word_1_159' title='bbox 687 2385 738 2466; x_wconf 85' lang='lat' dir='ltr'><strong>qui</strong></span> <span class='ocrx_word' id='word_1_160' title='bbox 759 2377 875 2462; x_wconf 87' lang='lat' dir='ltr'><strong>es&#39;suut,</strong></span> <span class='ocrx_word' id='word_1_161' title='bbox 904 2385 999 2449; x_wconf 85' lang='lat' dir='ltr'><strong>otiose</strong></span> <span class='ocrx_word' id='word_1_162' title='bbox 1024 2403 1095 2449; x_wconf 87' lang='lat' dir='ltr'><strong>con-</strong></span> 
     </span>
     <span class='ocr_line' id='line_1_21' title="bbox 55 2473 1095 2568; baseline 0.007 -25"><span class='ocrx_word' id='word_1_163' title='bbox 55 2481 213 2548; x_wconf 83' lang='lat' dir='ltr'><strong>fabulando</strong></span> <span class='ocrx_word' id='word_1_164' title='bbox 229 2491 343 2566; x_wconf 88' lang='lat' dir='ltr'><strong>tempus</strong></span> <span class='ocrx_word' id='word_1_165' title='bbox 358 2473 504 2548; x_wconf 79' lang='lat' dir='ltr'><strong>assumas.</strong></span> <span class='ocrx_word' id='word_1_166' title='bbox 535 2485 681 2568; x_wconf 83' lang='lat' dir='ltr'><strong>Exposuit</strong></span> <span class='ocrx_word' id='word_1_167' title='bbox 697 2487 731 2551; x_wconf 89' lang='lat' dir='ltr'><strong>P.</strong></span> <span class='ocrx_word' id='word_1_168' title='bbox 748 2487 896 2557; x_wconf 84' lang='lat' dir='ltr'><strong>Victorius</strong></span> <span class='ocrx_word' id='word_1_169' title='bbox 913 2487 984 2554; x_wconf 85' lang='lat' dir='ltr'><strong>Ver.</strong></span> <span class='ocrx_word' id='word_1_170' title='bbox 1001 2486 1095 2552; x_wconf 86' lang='lat' dir='ltr'><strong>Lectt.</strong></span> 
     </span>
     <span class='ocr_line' id='line_1_22' title="bbox 56 2585 202 2651; baseline 0.007 -1"><span class='ocrx_word' id='word_1_171' title='bbox 56 2585 127 2650; x_wconf 87' lang='lat' dir='ltr'><strong>VlIl.</strong></span> <span class='ocrx_word' id='word_1_172' title='bbox 153 2587 202 2651; x_wconf 88' lang='grc'><strong>13.</strong></span> 
     </span>
     <span class='ocr_line' id='line_1_23' title="bbox 43 2671 1098 2770; baseline 0.009 -26"><span class='ocrx_word' id='word_1_173' title='bbox 43 2694 49 2715; x_wconf 73' lang='grc'><em>·</em></span> <span class='ocrx_word' id='word_1_174' title='bbox 88 2671 92 2675; x_wconf 69' lang='grc'><strong>’</strong></span> <span class='ocrx_word' id='word_1_175' title='bbox 136 2691 288 2746; x_wconf 73' lang='lat' dir='ltr'><strong>mittentem</strong></span> <span class='ocrx_word' id='word_1_176' title='bbox 309 2685 349 2747; x_wconf 86' lang='lat' dir='ltr'><strong>od</strong></span> <span class='ocrx_word' id='word_1_177' title='bbox 369 2687 467 2765; x_wconf 83' lang='lat' dir='ltr'><strong>toros]</strong></span> <span class='ocrx_word' id='word_1_178' title='bbox 494 2703 553 2750; x_wconf 90' lang='lat' dir='ltr'><strong>non</strong></span> <span class='ocrx_word' id='word_1_179' title='bbox 579 2687 618 2750; x_wconf 85' lang='lat' dir='ltr'><strong>cd</strong></span> <span class='ocrx_word' id='word_1_180' title='bbox 639 2689 838 2770; x_wconf 81' lang='lat' dir='ltr'><strong>clepsydram,</strong></span> <span class='ocrx_word' id='word_1_181' title='bbox 861 2706 904 2753; x_wconf 86' lang='lat' dir='ltr'><strong>ea</strong></span> <span class='ocrx_word' id='word_1_182' title='bbox 927 2691 1003 2753; x_wconf 88' lang='lat' dir='ltr'><strong>enim</strong></span> <span class='ocrx_word' id='word_1_183' title='bbox 1030 2697 1098 2754; x_wconf 86' lang='lat' dir='ltr'><strong>ante</strong></span> 
     </span>
     <span class='ocr_line' id='line_1_24' title="bbox 52 2785 1097 2868; baseline 0.005 -21"><span class='ocrx_word' id='word_1_184' title='bbox 52 2785 178 2849; x_wconf 87' lang='lat' dir='ltr'><strong>iudicum</strong></span> <span class='ocrx_word' id='word_1_185' title='bbox 200 2787 303 2849; x_wconf 86' lang='lat' dir='ltr'><strong>oeulos</strong></span> <span class='ocrx_word' id='word_1_186' title='bbox 322 2788 423 2866; x_wconf 85' lang='lat' dir='ltr'><strong>posita</strong></span> <span class='ocrx_word' id='word_1_187' title='bbox 444 2793 522 2860; x_wconf 84' lang='lat' dir='ltr'><strong>erat,</strong></span> <span class='ocrx_word' id='word_1_188' title='bbox 554 2786 607 2846; x_wconf 87' lang='lat' dir='ltr'><strong>sed</strong></span> <span class='ocrx_word' id='word_1_189' title='bbox 628 2788 667 2848; x_wconf 88' lang='lat' dir='ltr'><strong>ad</strong></span> <span class='ocrx_word' id='word_1_190' title='bbox 688 2790 878 2868; x_wconf 84' lang='lat' dir='ltr'><strong>horologium</strong></span> <span class='ocrx_word' id='word_1_191' title='bbox 899 2807 924 2850; x_wconf 90' lang='lat' dir='ltr'><strong>s.</strong></span> <span class='ocrx_word' id='word_1_192' title='bbox 946 2790 1097 2866; x_wconf 88' lang='lat' dir='ltr'><strong>solarium,</strong></span> 
     </span>
     <span class='ocr_line' id='line_1_25' title="bbox 52 2883 1099 2968; baseline 0.002 -22"><span class='ocrx_word' id='word_1_193' title='bbox 52 2893 83 2948; x_wconf 89' lang='lat' dir='ltr'><strong>ut</strong></span> <span class='ocrx_word' id='word_1_194' title='bbox 104 2887 183 2948; x_wconf 91' lang='lat' dir='ltr'><strong>scias</strong></span> <span class='ocrx_word' id='word_1_195' title='bbox 212 2893 303 2965; x_wconf 88' lang='lat' dir='ltr'><strong>quota</strong></span> <span class='ocrx_word' id='word_1_196' title='bbox 329 2886 405 2946; x_wconf 90' lang='lat' dir='ltr'><strong>hona</strong></span> <span class='ocrx_word' id='word_1_197' title='bbox 423 2885 476 2944; x_wconf 91' lang='lat' dir='ltr'><strong>sit:</strong></span> <span class='ocrx_word' id='word_1_198' title='bbox 506 2883 585 2962; x_wconf 83' lang='lat' dir='ltr'><strong>quod</strong></span> <span class='ocrx_word' id='word_1_199' title='bbox 606 2893 650 2946; x_wconf 89' lang='lat' dir='ltr'><strong>est</strong></span> <span class='ocrx_word' id='word_1_200' title='bbox 671 2887 787 2964; x_wconf 73' lang='lat' dir='ltr'><strong>signum</strong></span> <span class='ocrx_word' id='word_1_201' title='bbox 807 2887 1017 2968; x_wconf 87' lang='lat' dir='ltr'><strong>impatientiae.</strong></span> <span class='ocrx_word' id='word_1_202' title='bbox 1057 2891 1099 2949; x_wconf 81' lang='lat' dir='ltr'><strong>Ac</strong></span> 
     </span>
     <span class='ocr_line' id='line_1_26' title="bbox 52 2981 1099 3070; baseline 0.007 -25"><span class='ocrx_word' id='word_1_203' title='bbox 52 2988 141 3047; x_wconf 82' lang='lat' dir='ltr'><strong>toros</strong></span> <span class='ocrx_word' id='word_1_204' title='bbox 166 2984 259 3062; x_wconf 81' lang='lat' dir='ltr'><strong>igitur</strong></span> <span class='ocrx_word' id='word_1_205' title='bbox 283 2983 407 3064; x_wconf 83' lang='lat' dir='ltr'><strong>proprie</strong></span> <span class='ocrx_word' id='word_1_206' title='bbox 427 2981 575 3061; x_wconf 79' lang='lat' dir='ltr'><strong>significat</strong></span> <span class='ocrx_word' id='word_1_207' title='bbox 601 2984 640 3042; x_wconf 85' lang='lat' dir='ltr'><strong>od</strong></span> <span class='ocrx_word' id='word_1_208' title='bbox 660 2985 747 3044; x_wconf 75' lang='lat' dir='ltr'><strong>horos</strong></span> <span class='ocrx_word' id='word_1_209' title='bbox 768 2989 990 3064; x_wconf 74' lang='lat' dir='ltr'><strong>copnosceadas,</strong></span> <span class='ocrx_word' id='word_1_210' title='bbox 1020 2989 1099 3070; x_wconf 86' lang='lat' dir='ltr'><strong>qnod</strong></span> 
     </span>
     <span class='ocr_line' id='line_1_27' title="bbox 51 3082 1099 3166; baseline 0.002 -16"><span class='ocrx_word' id='word_1_211' title='bbox 51 3105 89 3150; x_wconf 88' lang='lat' dir='ltr'><strong>co</strong></span> <span class='ocrx_word' id='word_1_212' title='bbox 107 3084 208 3164; x_wconf 77' lang='lat' dir='ltr'><strong>magis</strong></span> <span class='ocrx_word' id='word_1_213' title='bbox 219 3084 327 3146; x_wconf 89' lang='lat' dir='ltr'><strong>mirere</strong></span> <span class='ocrx_word' id='word_1_214' title='bbox 342 3083 467 3147; x_wconf 85' lang='lat' dir='ltr'><strong>Ernesto</strong></span> <span class='ocrx_word' id='word_1_215' title='bbox 483 3082 623 3146; x_wconf 90' lang='lat' dir='ltr'><strong>indictum</strong></span> <span class='ocrx_word' id='word_1_216' title='bbox 637 3085 747 3160; x_wconf 84' lang='lat' dir='ltr'><strong>risum,</strong></span> <span class='ocrx_word' id='word_1_217' title='bbox 767 3086 845 3166; x_wconf 85' lang='lat' dir='ltr'><strong>qnod</strong></span> <span class='ocrx_word' id='word_1_218' title='bbox 861 3085 996 3150; x_wconf 77' lang='lat' dir='ltr'><strong>dicuntum</strong></span> <span class='ocrx_word' id='word_1_219' title='bbox 1012 3091 1099 3152; x_wconf 64' lang='lat' dir='ltr'><strong>mam</strong></span> 
     </span>
     <span class='ocr_line' id='line_1_28' title="bbox 52 3183 1159 3269; baseline 0.002 -19"><span class='ocrx_word' id='word_1_220' title='bbox 52 3184 134 3269; x_wconf 86' lang='lat' dir='ltr'><strong>apud</strong></span> <span class='ocrx_word' id='word_1_221' title='bbox 157 3185 218 3249; x_wconf 83' lang='lat' dir='ltr'><strong>llic.</strong></span> <span class='ocrx_word' id='word_1_222' title='bbox 240 3184 307 3246; x_wconf 87' lang='lat' dir='ltr'><strong>Nat.</strong></span> <span class='ocrx_word' id='word_1_223' title='bbox 327 3185 418 3248; x_wconf 91' lang='lat' dir='ltr'><strong>Deor.</strong></span> <span class='ocrx_word' id='word_1_224' title='bbox 434 3183 471 3248; x_wconf 91' lang='lat' dir='ltr'><strong>ll.</strong></span> <span class='ocrx_word' id='word_1_225' title='bbox 487 3185 543 3261; x_wconf 81' lang='lat'><strong>38,</strong></span> <span class='ocrx_word' id='word_1_226' title='bbox 563 3187 615 3249; x_wconf 83' lang='lat'><strong>96.</strong></span> <span class='ocrx_word' id='word_1_227' title='bbox 638 3185 725 3246; x_wconf 79' lang='lat' dir='ltr'><strong>dorae</strong></span> <span class='ocrx_word' id='word_1_228' title='bbox 745 3186 781 3249; x_wconf 89' lang='lat' dir='ltr'><strong>de</strong></span> <span class='ocrx_word' id='word_1_229' title='bbox 799 3188 970 3268; x_wconf 79' lang='lat' dir='ltr'><strong>horologio.</strong></span> <span class='ocrx_word' id='word_1_230' title='bbox 1014 3189 1100 3268; x_wconf 83' lang='lat' dir='ltr'><strong>Quod</strong></span> <span class='ocrx_word' id='word_1_231' title='bbox 1156 3239 1159 3244; x_wconf 90' lang='lat'><em>.</em></span> 
     </span>
     <span class='ocr_line' id='line_1_29' title="bbox 50 3285 1099 3371; baseline 0.001 -20"><span class='ocrx_word' id='word_1_232' title='bbox 50 3289 105 3350; x_wconf 90' lang='lat' dir='ltr'><strong>ille</strong></span> <span class='ocrx_word' id='word_1_233' title='bbox 132 3287 171 3345; x_wconf 85' lang='lat' dir='ltr'><strong>od</strong></span> <span class='ocrx_word' id='word_1_234' title='bbox 191 3285 286 3359; x_wconf 77' lang='lat' dir='ltr'><strong>[oram</strong></span> <span class='ocrx_word' id='word_1_235' title='bbox 315 3286 454 3362; x_wconf 89' lang='lat' dir='ltr'><strong>coniecit,</strong></span> <span class='ocrx_word' id='word_1_236' title='bbox 486 3303 544 3348; x_wconf 87' lang='lat' dir='ltr'><strong>non</strong></span> <span class='ocrx_word' id='word_1_237' title='bbox 572 3289 720 3370; x_wconf 79' lang='lat' dir='ltr'><strong>reputavit</strong></span> <span class='ocrx_word' id='word_1_238' title='bbox 741 3290 809 3371; x_wconf 90' lang='lat' dir='ltr'><strong>ipsa</strong></span> <span class='ocrx_word' id='word_1_239' title='bbox 835 3288 946 3352; x_wconf 88' lang='lat' dir='ltr'><strong>iudicia</strong></span> <span class='ocrx_word' id='word_1_240' title='bbox 973 3291 1005 3352; x_wconf 89' lang='lat' dir='ltr'><strong>in</strong></span> <span class='ocrx_word' id='word_1_241' title='bbox 1031 3290 1099 3352; x_wconf 88' lang='lat' dir='ltr'><strong>loro</strong></span> 
     </span>
     <span class='ocr_line' id='line_1_30' title="bbox 53 3388 1100 3468; baseline 0 -16"><span class='ocrx_word' id='word_1_242' title='bbox 53 3389 186 3452; x_wconf 78' lang='lat' dir='ltr'><strong>exercita</strong></span> <span class='ocrx_word' id='word_1_243' title='bbox 208 3393 289 3462; x_wconf 87' lang='lat' dir='ltr'><strong>aute,</strong></span> <span class='ocrx_word' id='word_1_244' title='bbox 318 3405 405 3468; x_wconf 82' lang='lat' dir='ltr'><strong>qnam</strong></span> <span class='ocrx_word' id='word_1_245' title='bbox 426 3388 464 3449; x_wconf 89' lang='lat' dir='ltr'><strong>ab</strong></span> <span class='ocrx_word' id='word_1_246' title='bbox 484 3390 619 3468; x_wconf 80' lang='lat' dir='ltr'><strong>Augusto</strong></span> <span class='ocrx_word' id='word_1_247' title='bbox 640 3391 871 3454; x_wconf 78' lang='lat' dir='ltr'><strong>uanslerrentur</strong></span> <span class='ocrx_word' id='word_1_248' title='bbox 897 3393 928 3454; x_wconf 89' lang='lat' dir='ltr'><strong>in</strong></span> <span class='ocrx_word' id='word_1_249' title='bbox 948 3391 1100 3452; x_wconf 85' lang='lat' dir='ltr'><strong>basilicas.</strong></span> 
     </span>
    </p>

    <p class='ocr_par' dir='ltr' id='par_1_8' title="bbox 49 3487 1101 4276">
     <span class='ocr_line' id='line_1_31' title="bbox 138 3487 1100 3573; baseline 0.001 -23"><span class='ocrx_word' id='word_1_250' title='bbox 138 3508 209 3570; x_wconf 85' lang='lat' dir='ltr'><strong>opus</strong></span> <span class='ocrx_word' id='word_1_251' title='bbox 230 3487 395 3566; x_wconf 78' lang='lat' dir='ltr'><strong>oratoriam]</strong></span> <span class='ocrx_word' id='word_1_252' title='bbox 418 3509 489 3567; x_wconf 70' lang='lat' dir='ltr'><strong>opens</strong></span> <span class='ocrx_word' id='word_1_253' title='bbox 511 3498 556 3553; x_wconf 87' lang='lat' dir='ltr'><strong>est</strong></span> <span class='ocrx_word' id='word_1_254' title='bbox 576 3509 679 3553; x_wconf 86' lang='lat' dir='ltr'><strong>munus</strong></span> <span class='ocrx_word' id='word_1_255' title='bbox 701 3499 730 3554; x_wconf 85' lang='lat' dir='ltr'><strong>et</strong></span> <span class='ocrx_word' id='word_1_256' title='bbox 748 3494 919 3573; x_wconf 81' lang='lat' dir='ltr'><strong>provincia3</strong></span> <span class='ocrx_word' id='word_1_257' title='bbox 941 3512 1012 3570; x_wconf 85' lang='lat' dir='ltr'><strong>opas</strong></span> <span class='ocrx_word' id='word_1_258' title='bbox 1031 3509 1100 3552; x_wconf 85' lang='lat' dir='ltr'><strong>oca-</strong></span> 
     </span>
     <span class='ocr_line' id='line_1_32' title="bbox 54 3589 1099 3670; baseline 0.004 -20"><span class='ocrx_word' id='word_1_259' title='bbox 54 3595 160 3651; x_wconf 79' lang='lat' dir='ltr'><strong>torlura</strong></span> <span class='ocrx_word' id='word_1_260' title='bbox 179 3589 225 3666; x_wconf 85' lang='lat' dir='ltr'><strong>fit,</strong></span> <span class='ocrx_word' id='word_1_261' title='bbox 256 3606 319 3651; x_wconf 90' lang='lat' dir='ltr'><strong>cum</strong></span> <span class='ocrx_word' id='word_1_262' title='bbox 345 3597 448 3652; x_wconf 88' lang='lat' dir='ltr'><strong>orator</strong></span> <span class='ocrx_word' id='word_1_263' title='bbox 469 3609 552 3653; x_wconf 88' lang='lat' dir='ltr'><strong>suum</strong></span> <span class='ocrx_word' id='word_1_264' title='bbox 573 3591 723 3670; x_wconf 83' lang='lat' dir='ltr'><strong>negotium</strong></span> <span class='ocrx_word' id='word_1_265' title='bbox 743 3592 830 3668; x_wconf 85' lang='lat' dir='ltr'><strong>facit,</strong></span> <span class='ocrx_word' id='word_1_266' title='bbox 858 3595 879 3656; x_wconf 88' lang='lat' dir='ltr'><strong>i.</strong></span> <span class='ocrx_word' id='word_1_267' title='bbox 901 3609 928 3655; x_wconf 88' lang='lat' dir='ltr'><strong>e.</strong></span> <span class='ocrx_word' id='word_1_268' title='bbox 958 3611 1041 3654; x_wconf 89' lang='lat' dir='ltr'><strong>suam</strong></span> <span class='ocrx_word' id='word_1_269' title='bbox 1068 3593 1099 3654; x_wconf 87' lang='lat' dir='ltr'><strong>in</strong></span> 
     </span>
     <span class='ocr_line' id='line_1_33' title="bbox 50 3690 1100 3773; baseline 0.003 -19"><span class='ocrx_word' id='word_1_270' title='bbox 50 3690 171 3754; x_wconf 85' lang='lat' dir='ltr'><strong>oranda</strong></span> <span class='ocrx_word' id='word_1_271' title='bbox 188 3707 279 3752; x_wconf 85' lang='lat' dir='ltr'><strong>causa</strong></span> <span class='ocrx_word' id='word_1_272' title='bbox 299 3692 510 3771; x_wconf 84' lang='lat' dir='ltr'><strong>praestantiam</strong></span> <span class='ocrx_word' id='word_1_273' title='bbox 527 3692 661 3754; x_wconf 88' lang='lat' dir='ltr'><strong>ostendit.</strong></span> <span class='ocrx_word' id='word_1_274' title='bbox 691 3692 786 3754; x_wconf 88' lang='lat' dir='ltr'><strong>Plane</strong></span> <span class='ocrx_word' id='word_1_275' title='bbox 801 3695 947 3773; x_wconf 78' lang='lat' dir='ltr'><strong>geminum</strong></span> <span class='ocrx_word' id='word_1_276' title='bbox 965 3702 1009 3756; x_wconf 89' lang='lat' dir='ltr'><strong>est</strong></span> <span class='ocrx_word' id='word_1_277' title='bbox 1030 3714 1100 3772; x_wconf 71' lang='lat' dir='ltr'><strong>optes</strong></span> 
     </span>
     <span class='ocr_line' id='line_1_34' title="bbox 55 3791 1101 3874; baseline 0.003 -23"><span class='ocrx_word' id='word_1_278' title='bbox 55 3795 212 3853; x_wconf 72' lang='lat' dir='ltr'><strong>comoriaco</strong></span> <span class='ocrx_word' id='word_1_279' title='bbox 240 3791 276 3853; x_wconf 92' lang='lat' dir='ltr'><strong>de</strong></span> <span class='ocrx_word' id='word_1_280' title='bbox 298 3793 350 3856; x_wconf 87' lang='lat' dir='ltr'><strong>Or.</strong></span> <span class='ocrx_word' id='word_1_281' title='bbox 371 3792 409 3856; x_wconf 92' lang='lat' dir='ltr'><strong>ll.</strong></span> <span class='ocrx_word' id='word_1_282' title='bbox 431 3795 489 3868; x_wconf 92' lang='grc'><strong>99,</strong></span> <span class='ocrx_word' id='word_1_283' title='bbox 511 3794 603 3868; x_wconf 84' lang='grc'><strong>367.,</strong></span> <span class='ocrx_word' id='word_1_284' title='bbox 631 3793 663 3854; x_wconf 89' lang='lat' dir='ltr'><strong>in</strong></span> <span class='ocrx_word' id='word_1_285' title='bbox 685 3811 771 3874; x_wconf 77' lang='lat' dir='ltr'><strong>quem</strong></span> <span class='ocrx_word' id='word_1_286' title='bbox 791 3792 889 3858; x_wconf 87' lang='lat' dir='ltr'><strong>locum</strong></span> <span class='ocrx_word' id='word_1_287' title='bbox 917 3794 1101 3858; x_wconf 88' lang='lat' dir='ltr'><strong>commentati</strong></span> 
     </span>
     <span class='ocr_line' id='line_1_35' title="bbox 49 3893 1099 3976; baseline 0 -21"><span class='ocrx_word' id='word_1_288' title='bbox 49 3910 117 3955; x_wconf 88' lang='lat' dir='ltr'><strong>rem</strong></span> <span class='ocrx_word' id='word_1_289' title='bbox 139 3893 342 3974; x_wconf 79' lang='lat' dir='ltr'><strong>exposuimus3</strong></span> <span class='ocrx_word' id='word_1_290' title='bbox 368 3893 445 3955; x_wconf 91' lang='lat' dir='ltr'><strong>idem</strong></span> <span class='ocrx_word' id='word_1_291' title='bbox 463 3893 575 3972; x_wconf 78' lang='lat' dir='ltr'><strong>legitur</strong></span> <span class='ocrx_word' id='word_1_292' title='bbox 596 3893 679 3956; x_wconf 87' lang='lat' dir='ltr'><strong>Suet.</strong></span> <span class='ocrx_word' id='word_1_293' title='bbox 697 3893 785 3959; x_wconf 82' lang='lat' dir='ltr'><strong>(laos.</strong></span> <span class='ocrx_word' id='word_1_294' title='bbox 805 3897 874 3970; x_wconf 88' lang='grc'><strong>41.,</strong></span> <span class='ocrx_word' id='word_1_295' title='bbox 898 3897 930 3957; x_wconf 88' lang='lat' dir='ltr'><strong>in</strong></span> <span class='ocrx_word' id='word_1_296' title='bbox 952 3913 1010 3976; x_wconf 88' lang='lat' dir='ltr'><strong>quo</strong></span> <span class='ocrx_word' id='word_1_297' title='bbox 1030 3895 1099 3956; x_wconf 94' lang='lat' dir='ltr'><strong>loco</strong></span> 
     </span>
     <span class='ocr_line' id='line_1_36' title="bbox 55 3992 1100 4069; baseline 0 -16"><span class='ocrx_word' id='word_1_298' title='bbox 55 3992 232 4056; x_wconf 89' lang='lat' dir='ltr'><strong>illustrando</strong></span> <span class='ocrx_word' id='word_1_299' title='bbox 260 3995 371 4058; x_wconf 85' lang='lat' dir='ltr'><strong>erravit</strong></span> <span class='ocrx_word' id='word_1_300' title='bbox 397 3993 603 4069; x_wconf 80' lang='lat' dir='ltr'><strong>Gasaulnonus,</strong></span> <span class='ocrx_word' id='word_1_301' title='bbox 631 4013 695 4058; x_wconf 91' lang='lat' dir='ltr'><strong>cum</strong></span> <span class='ocrx_word' id='word_1_302' title='bbox 724 3995 836 4060; x_wconf 82' lang='lat' dir='ltr'><strong>Gellius</strong></span> <span class='ocrx_word' id='word_1_303' title='bbox 854 3996 903 4060; x_wconf 93' lang='lat' dir='ltr'><strong>1v.</strong></span> <span class='ocrx_word' id='word_1_304' title='bbox 927 3997 990 4069; x_wconf 76' lang='lat' dir='ltr'><strong>la,</strong></span> <span class='ocrx_word' id='word_1_305' title='bbox 1017 3993 1100 4054; x_wconf 91' lang='lat' dir='ltr'><strong>cuius</strong></span> 
     </span>
     <span class='ocr_line' id='line_1_37' title="bbox 55 4093 1101 4178; baseline 0 -22"><span class='ocrx_word' id='word_1_306' title='bbox 55 4093 221 4157; x_wconf 86' lang='lat' dir='ltr'><strong>testimonio</strong></span> <span class='ocrx_word' id='word_1_307' title='bbox 239 4094 344 4171; x_wconf 88' lang='lat' dir='ltr'><strong>utitur,</strong></span> <span class='ocrx_word' id='word_1_308' title='bbox 362 4095 492 4157; x_wconf 86' lang='lat' dir='ltr'><strong>rectiora</strong></span> <span class='ocrx_word' id='word_1_309' title='bbox 508 4093 616 4158; x_wconf 89' lang='lat' dir='ltr'><strong>docere</strong></span> <span class='ocrx_word' id='word_1_310' title='bbox 630 4099 740 4178; x_wconf 82' lang='lat' dir='ltr'><strong>posset.</strong></span> <span class='ocrx_word' id='word_1_311' title='bbox 773 4099 852 4172; x_wconf 74' lang='lat' dir='ltr'><strong>Opous</strong></span> <span class='ocrx_word' id='word_1_312' title='bbox 867 4095 977 4156; x_wconf 73' lang='lat' dir='ltr'><strong>dicendi</strong></span> <span class='ocrx_word' id='word_1_313' title='bbox 989 4093 1101 4172; x_wconf 80' lang='lat' dir='ltr'><strong>legitur</strong></span> 
     </span>
     <span class='ocr_line' id='line_1_38' title="bbox 56 4193 1099 4276; baseline 0 -20"><span class='ocrx_word' id='word_1_314' title='bbox 56 4195 136 4258; x_wconf 79' lang='lat' dir='ltr'><strong>inira</strong></span> <span class='ocrx_word' id='word_1_315' title='bbox 161 4193 218 4272; x_wconf 78' lang='lat'><strong>59,</strong></span> <span class='ocrx_word' id='word_1_316' title='bbox 248 4197 337 4272; x_wconf 62' lang='lat'><strong>2145</strong></span> <span class='ocrx_word' id='word_1_317' title='bbox 370 4205 515 4258; x_wconf 81' lang='lat' dir='ltr'><strong>oratorum</strong></span> <span class='ocrx_word' id='word_1_318' title='bbox 547 4215 633 4276; x_wconf 82' lang='lat' dir='ltr'><strong>opera</strong></span> <span class='ocrx_word' id='word_1_319' title='bbox 662 4199 780 4274; x_wconf 77' lang='lat' dir='ltr'><strong>propola</strong></span> <span class='ocrx_word' id='word_1_320' title='bbox 807 4203 834 4254; x_wconf 91' lang='lat' dir='ltr'><strong>et</strong></span> <span class='ocrx_word' id='word_1_321' title='bbox 864 4200 947 4274; x_wconf 70' lang='lat' dir='ltr'><strong>qaod</strong></span> <span class='ocrx_word' id='word_1_322' title='bbox 975 4197 1099 4273; x_wconf 63' lang='lat' dir='ltr'><strong>tantona</strong></span> 
     </span>
    </p>
   </div>
   <div class='ocr_carea' id='block_1_3' title="bbox 0 0 1329 4774">
    <p class='ocr_par' dir='ltr' id='par_1_9' title="bbox 0 0 1329 4774">
     <span class='ocr_line' id='line_1_39' title="bbox 0 0 1329 4774; baseline 0 0"><span class='ocrx_word' id='word_1_323' title='bbox 0 0 1329 4774; x_wconf 95' lang='lat' dir='ltr'><strong> </strong></span> 
     </span>
    </p>
   </div>
  </div>
 </body>
</html>
