2660 4776
254 423 324 498 oo
415 419 565 490 mavis
586 377 884 504 nnoounurmo
905 421 1009 491 acm
1030 423 1141 493 orsu.

254 595 414 660 obliterata
431 601 489 670 cst,
516 611 582 657 cunr
602 595 721 658 sublata
741 595 859 658 dicendi
879 604 909 658 ct
924 593 1058 660 'lacimdi
1085 597 1208 661 boeriis
1227 600 1291 662 ciri·

253 706 344 760 tatum
363 697 461 760 lerna
482 703 593 758 mutata
614 706 668 760 cst.

723 865 752 949 p.
774 863 825 926 aa.

632 975 759 1030 Eruditlo
778 978 915 1030 universa.

291 1139 300 1154 ·
335 1101 449 1181 Vulgus
463 1101 521 1162 bac
538 1106 652 1176 aetate,
668 1108 701 1161 ut
717 1101 863 1174 omnibus,
881 1099 908 1159 si
922 1098 1038 1160 Atticae
1054 1101 1181 1162 ciritafis
1196 1101 1289 1162 dorem

250 1205 420 1284 exceperis,
448 1199 611 1282 impolitum
631 1217 668 1262 oc
687 1199 763 1262 rudo
784 1200 891 1260 mansit
911 1217 966 1262 nee
985 1200 1060 1263 lauit
1076 1201 1229 1265 doctrinae
1247 1211 1289 1264 ant

250 1305 384 1368 eruditis.
424 1302 487 1367 Sed
517 1319 554 1364 ea
583 1303 699 1364 omnino
729 1307 794 1362 erat
821 1300 975 1363 literarum
1005 1301 1150 1379 conditio,
1181 1313 1216 1366 ut
1246 1306 1289 1384 qui

251 1423 354 1470 eamn
376 1403 533 1486 plurimum
557 1403 666 1466 scirent
687 1401 905 1464 dissimularent
928 1420 962 1466 se
986 1403 1123 1466 didicisse
1144 1413 1197 1467 aut
1218 1413 1288 1467 certe

251 1523 329 1588 quae
346 1505 516 1568 didicissent
532 1505 563 1566 in
580 1523 663 1566 suum
677 1505 777 1585 potius
792 1522 877 1566 usum
894 1512 924 1566 et
939 1504 1193 1581 oblectamentum,
1210 1523 1288 1587 quan

250 1607 283 1673 in
302 1606 408 1688 populi
424 1606 549 1668 fructum
569 1604 723 1668 laudemre
746 1605 872 1670 cirimtis
892 1614 1103 1669 converterent.
1147 1609 1184 1672 Et
1200 1627 1288 1688 quan

251 1726 339 1789 wem
360 1707 488 1789 plurima
509 1713 577 1768 ante
599 1705 752 1770 Ciceronis
773 1715 899 1770 aetatem
919 1709 1031 1789 scripta
1050 1716 1117 1770 sunt
1137 1708 1216 1789 apud
1232 1709 1287 1772 llo-
1325 1781 1326 1792 χ

251 1827 369 1884 manos,
398 1807 579 1870 incredibilis
606 1814 704 1870 tamm
729 1810 855 1870 omnium
877 1809 982 1870 artium
1008 1809 1122 1870 ruditas
1142 1827 1234 1890 usquc
1254 1809 1287 1870 ad
1325 1793 1326 1822 ³

250 1909 402 1973 Ciceronis
435 1916 560 1970 aetatem
591 1908 684 1970 luisse
712 1907 844 1990 putanda
871 1917 924 1970 est.
966 1909 1090 1971 Praeter
1119 1911 1287 1972 comicorum

250 2009 433 2092 quorundam
459 2007 579 2070 fabulas
605 2009 680 2071 nibil
700 2011 836 2071 exstabat
856 2010 978 2089 elegans
1001 2018 1029 2071 et
1049 2011 1194 2086 facetum,
1221 2010 1286 2072 nibil

248 2113 399 2174 sententiis
419 2118 448 2172 et
467 2110 567 2173 uerbis
588 2109 708 2187 dignum
727 2111 829 2190 politis
850 2112 984 2184 auribus,
1005 2111 1079 2172 nihil
1100 2111 1181 2192 qnod
1201 2113 1285 2175 Grae-

248 2229 350 2275 ecrum
377 2212 551 2274 suauitatem
571 2209 712 2285 referret,
743 2229 762 2272 a
784 2211 888 2292 quibus
916 2207 988 2274 solis
1010 2213 1108 2273 omnia
1129 2213 1240 2275 dicendi
1262 2220 1286 2274 et

248 2311 397 2375 scribendi
425 2309 560 2390 exempla
588 2311 786 2374 sumebantur.
830 2309 955 2374 Carmen
980 2313 1093 2393 epicum
1119 2314 1194 2375 nibil
1220 2322 1284 2387 erat,
1325 2343 1326 2348 κ

248 2413 308 2476 nisi
333 2413 433 2474 ieiuna
459 2410 496 2472 de
523 2410 612 2472 bellis
639 2418 667 2472 et
694 2412 817 2492 praeliis
844 2413 1038 2488 versificatio;
1067 2415 1224 2494 tragoedia
1248 2416 1284 2476 ita

248 2513 394 2576 duntaxat
414 2511 450 2573 de
468 2512 589 2574 Graecis
611 2529 766 2593 expressa,
786 2521 818 2574 nt
838 2514 917 2594 quod
937 2516 968 2577 bi
984 2533 1077 2594 graue
1096 2523 1126 2576 et
1139 2518 1282 2578 uehemens

248 2614 391 2677 baberent
418 2612 496 2693 apud
523 2613 671 2676 Romanos
702 2614 854 2676 borridum
880 2622 958 2676 esset
984 2623 1013 2677 et
1037 2633 1191 2697 asperum;
1221 2633 1282 2677 ora·

248 2723 329 2778 tores
357 2713 475 2795 puidam
501 2713 683 2789 laudabiles,
710 2714 763 2776 sed
792 2715 881 2776 nullis
909 2717 1025 2797 scriptis
1052 2717 1132 2797 apud
1158 2724 1282 2798 posteros

247 2815 337 2891 clari;
358 2815 501 2878 historiae
518 2817 638 2897 scriptio
655 2815 747 2879 nulla
779 2815 840 2879 Sed
858 2818 1002 2880 Cicerone
1021 2815 1208 2879 adolescente
1223 2818 1282 2878 lite-

246 2933 347 2980 rarum
364 2917 544 2980 Graecarum
565 2917 696 2995 cognitio
717 2936 771 2998 per
788 2919 947 2996 magistros
958 2919 1081 2981 Romam
1098 2925 1281 2980 commeantes

246 3023 276 3081 et
296 3017 449 3080 itineribus
466 3017 684 3080 adolescentum
702 3019 925 3098 publicanorum
946 3020 1170 3098 magistratuum
1190 3038 1225 3082 ca
1241 3020 1280 3081 in-

247 3125 395 3182 crementa
426 3119 520 3199 cepit,
551 3125 597 3192 ut,
630 3135 694 3181 cum
720 3119 806 3182 Molo
836 3119 966 3184 Rhodius
999 3121 1036 3181 de
1063 3122 1189 3183 civitatis
1218 3135 1279 3181 suae

245 3221 385 3301 praemiis
406 3217 495 3282 Sulla
515 3217 658 3280 dictatore
684 3219 781 3281 dicens
802 3222 914 3301 primus
940 3222 970 3282 in
992 3229 1096 3283 senatu
1115 3223 1180 3284 sine
1199 3223 1278 3284 inter·

245 3328 329 3401 preto
356 3325 433 3382 esset
459 3315 575 3380 auditus
594 3313 661 3396 (⁶⁰),
688 3339 756 3382 mon
780 3321 918 3384 horridus
938 3321 1088 3385 rideretur
1114 3330 1145 3384 et
1171 3343 1191 3384 a
1210 3341 1278 3384 com·

246 3421 326 3482 muni
347 3419 526 3482 humanitate
547 3420 688 3482 remotior
708 3422 759 3501 qui
781 3422 897 3485 Graeca
916 3423 1020 3502 lingua
1039 3439 1099 3485 nou
1119 3431 1180 3486 tam
1199 3421 1277 3484 laciie

245 3539 333 3602 pam
355 3520 515 3586 domestica
535 3527 564 3582 et
583 3522 723 3602 poprdari
741 3530 881 3587 uteretur.
923 3525 1021 3586 Tanta
1042 3533 1140 3586 autem
1158 3525 1223 3587 risa
1242 3527 1277 3583 est

247 3621 428 3686 Graecorum
453 3621 597 3684 librorum
627 3625 811 3704 praestantia
834 3632 975 3706 tantaque
1004 3625 1181 3707 optimorum
1208 3619 1275 3704 apud

246 3737 299 3783 eos
321 3723 521 3802 exemplorum
544 3724 632 3804 copia
651 3727 859 3804 quaerentibus
881 3726 1107 3802 ostendebatur,
1132 3733 1165 3788 ut
1187 3721 1275 3786 mirari

245 3819 330 3884 nullo
356 3821 443 3884 modo
469 3824 630 3903 possimus,
656 3825 736 3906 quod
757 3828 883 3891 Romani
909 3829 1004 3908 magis
1031 3826 1171 3890 imitando
1199 3839 1273 3905 man

245 3921 418 3987 inveniendo
441 3923 533 3989 ualidi
552 3925 672 3988 illorum
692 3930 820 4008 uestigia
839 3946 986 4010 premere,
1015 3948 1105 4012 qnam
1124 3946 1206 3992 snam
1227 3922 1273 3986 sibi

313 4149 361 4220 oc)
380 4151 440 4204 Vel.
454 4151 532 4212 Mar.
551 4153 585 4210 ll.
603 4155 635 4222 d,
652 4156 676 4210 3.
711 4156 824 4230 ignarus
842 4159 915 4214 enim
931 4157 1012 4215 Molo
1038 4159 1147 4232 linguae
1166 4157 1272 4214 mano:
1317 4178 1322 4283 Ι

246 4251 274 4296 v.
291 4233 432 4308 Spalding.
453 4237 489 4294 ad
506 4239 618 4299 Consti.
635 4239 683 4299 vl.
703 4241 734 4311 l,
754 4245 795 4300 14.
1315 4286 1322 4325 p
