2646 4772
271 311 334 428 nu
357 359 443 428 cra.
465 361 666 433 aaaron
689 365 779 436 cnr.
802 370 831 436 o.
989 377 1076 450 aar

49 529 237 594 c‘discrimine
257 551 404 598 armorum
434 543 549 618 sumpta
569 546 648 614 snut,
678 546 823 622 perpetua
843 547 888 604 cst
914 547 1073 627 appositio.
1151 591 1155 604 .

46 628 83 690 lta
104 631 298 710 palaemone
327 641 554 698 exercitationem
576 637 773 715 Quintilianus
804 647 992 705 commissioni
1018 666 1073 730 ap·

46 731 140 812 posuit,
168 733 217 814 qai
238 725 326 816 apoto
351 737 372 800 i.
393 755 418 799 e.
445 753 546 801 rerum
567 738 723 804 discrimen
743 741 863 806 Graecis
885 741 1005 820 dicitur,
1032 747 1071 812 X.

46 832 72 904 l,
89 833 133 894 26.
165 833 201 895 ci.
225 837 275 896 31.
321 837 671 901 casamassancia
690 850 782 913 aare,
806 859 883 923 quac
903 843 972 906 item
993 845 1071 908 mili·

44 931 109 993 taria
126 935 270 998 vocabula
291 945 374 1013 sunt,
398 937 475 1000 idem
496 938 570 1001 dixit
590 939 629 1003 X.
646 944 679 1017 7,
696 942 727 1004 8.
756 943 872 1018 1,29.;
892 944 1022 1004 ambram
1042 953 1071 1010 ci

42 1051 124 1091 aaran
137 1034 291 1096 atoma
312 1038 389 1100 inter
412 1056 444 1101 se
467 1039 590 1103 contulit
609 1041 648 1104 X.
672 1040 706 1117 5,
731 1043 780 1104 lt.

111 1133 289 1215 annonae]
311 1139 403 1201 utitur
422 1140 596 1204 Macrobius
615 1141 679 1205 set.
696 1141 746 1208 Vl·
764 1144 799 1206 4:
823 1143 919 1204 cicero
939 1145 1070 1206 similiter

40 1234 65 1289 in
89 1239 189 1296 Beato:
220 1237 281 1297 sed
308 1249 345 1298 at
372 1259 387 1298 e
416 1241 653 1322 Theophrasti
681 1243 886 1304 doctissimi
913 1235 1069 1307 tentate

40 1333 253 1397 umbraculis.

21 1464 22 1469 κ
109 1437 157 1499 38.
199 1436 313 1513 intecit
342 1445 507 1522 naamam]
541 1447 676 1521 mutarit;
709 1464 786 1527 quae
817 1446 938 1509 mutaha
971 1445 1068 1527 quain

38 1529 113 1597 fuerit
142 1539 240 1600 stetim
272 1540 436 1607 ostenditur
464 1543 571 1610 additis
603 1557 630 1607 et
659 1566 722 1606 cano
749 1547 861 1607 anilem
889 1555 1068 1626 canonque

36 1635 150 1696 coaddit.
192 1639 258 1703 Hoc
275 1643 389 1724 puriter
410 1652 499 1726 atque
513 1649 652 1706 incinere
673 1647 882 1710 aicxicnihuc
897 1648 979 1711 vocis
1000 1648 1021 1709 i.
1040 1665 1066 1710 c.

36 1736 103 1797 sonis
118 1738 152 1799 in
173 1741 346 1806 muliebrem
367 1745 519 1807 mollitiem
540 1745 661 1808 detortis
681 1754 838 1827 sumptum:
866 1765 896 1810 r.
917 1746 1004 1826 Expl.
1028 1745 1068 1809 ad

35 1835 64 1898 de
79 1841 126 1903 tir.
142 1842 192 1906 ΠΙ.
212 1843 266 1919 25,
283 1846 334 1908 96.
378 1847 522 1906 lactinare
537 1847 659 1928 proprie
676 1845 783 1908 dictum
805 1853 833 1908 et
850 1863 914 1908 com
930 1847 1067 1910 ahhndc

34 1941 202 2008 coniunctum
226 1945 315 2007 habet
336 1944 441 2010 Cicera
462 1947 513 2010 0r.
535 1949 572 2023 8,
595 1951 660 2024 27.,
688 1943 863 2009 nancietum
884 1947 923 2009 cd
944 1945 1066 2011 candem

32 2039 92 2116 tiu,
120 2063 179 2125 qua
205 2047 253 2109 hic
278 2045 418 2121 inpieotere
444 2047 563 2124 dicitur,
595 2056 623 2110 ct
650 2047 688 2110 de
712 2046 815 2111 eadem
835 2047 952 2109 homine
973 2047 1065 2124 Quin·

31 2139 138 2206 thanus
159 2146 198 2209 X.
224 2149 256 2222 l,
278 2149 330 2210 80.
374 2145 509 2210 Ceterum
534 2150 600 2210 inre
621 2147 735 2210 dubitat
754 2147 927 2227 Bernhardy
947 2155 1066 2211 rectene

31 2246 188 2309 oratoribus
209 2248 288 2312 reris
304 2247 466 2311 Phalereus
486 2257 705 2312 annumeretur:
724 2248 820 2314 uideri
837 2250 913 2312 cuim
933 2248 965 2311 id
986 2248 1066 2332 apud

31 2339 191 2410 Ciceronem
217 2348 283 2410 deri
314 2357 437 2432 propter
466 2349 686 2413 admirationem
715 2351 994 2432 Peripateticorum,
1028 2369 1066 2414 ex

30 2460 141 2522 quarum
158 2449 212 2512 ille
227 2449 331 2513 schola
350 2451 501 2532 proiectus
516 2452 694 2514 umbraticas
711 2452 853 2516 dictiones
871 2452 914 2514 ita
929 2452 1064 2516 ihustra-

27 2548 94 2612 verit
111 2549 259 2627 flosculis,
280 2559 313 2616 ut
334 2570 431 2616 meras
452 2555 582 2617 Athenas
603 2553 739 2617 redolere
759 2554 937 2618 viderentur.

100 2653 537 2733 antuman-perscinperet]
560 2670 663 2730 manea
680 2657 712 2718 in
729 2657 873 2719 sententia
891 2655 1065 2732 perfrinpeee

25 2749 113 2828 aptius
136 2751 210 2829 dici,
239 2771 326 2834 quam
347 2760 547 2832 noanneane,
576 2755 655 2835 quod
681 2775 757 2818 nunc
780 2775 800 2816 a
820 2756 945 2833 Mepero
968 2755 1064 2834 expli·

24 2857 99 2913 catur
118 2872 245 2931 panpene
262 2861 290 2915 et
308 2857 441 2912 eantare.
483 2853 670 2933 Voluptatem
685 2863 851 2930 panaentene
866 2855 989 2931 ignor03
1008 2869 1064 2915 ncc

22 2947 130 3028 dubita,
161 2955 235 3031 quin
259 2943 400 3014 Ernestus
428 2953 567 3028 perfrinpi
594 2960 674 3016 recte
702 2953 910 3032 interpretatus
938 2953 977 3014 sit
1002 2957 1064 3030 copi

21 3053 51 3110 ot
75 3049 256 3114 voluntatens
283 3052 415 3123 dicentis,
448 3051 539 3132 idque
570 3051 607 3114 de
638 3051 755 3113 sublimi
783 3068 893 3130 genere
921 3053 1063 3116 archanis

20 3161 80 3234 apte
103 3151 167 3216 dici
186 3158 266 3234 puta.
289 3161 291 3168 ’
311 3149 409 3229 Quid?
440 3152 572 3216 Pericles
594 3171 658 3215 cum
678 3153 709 3216 ri
726 3151 842 3214 dicendi
861 3152 1063 3228 Athenienses,

20 3261 45 3314 ut
65 3273 97 3318 se
120 3257 328 3334 sequerentur,
350 3261 484 3332 cogeret,
508 3271 567 3316 non
583 3253 661 3316 idem
679 3252 873 3315 delectatione
894 3251 1063 3315 maechati

19 3351 76 3418 lloc
109 3371 207 3434 genus
239 3353 405 3416 delectandi
434 3355 586 3418 sublimius
616 3355 738 3436 respicit
766 3353 826 3417 cic.
851 3354 901 3417 Or.
925 3355 981 3427 28,
1004 3355 1062 3416 97:

19 3455 82 3516 haec
111 3454 311 3537 (eloquentia)
341 3457 423 3516 medo
450 3457 616 3534 perscispic,
646 3455 729 3516 enada
755 3459 855 3532 acepit
882 3458 913 3513 in
941 3457 1061 3516 manas.

19 3554 53 3617 Ut
78 3559 142 3632 hic,
172 3557 216 3619 ita
240 3558 395 3634 cefoncpere
423 3563 452 3619 et
477 3561 644 3632 coeninpece
672 3556 704 3615 in
730 3553 816 3615 libris
844 3546 1062 3634 permutantur:

19 3673 43 3720 t.
63 3657 162 3740 intpp.
187 3657 604 3739 aiPlin.Epp.111.15,'3.
646 3653 692 3716 Dc
712 3653 904 3732 pnfandendo
926 3652 1062 3716 canicrcs

19 3757 176 3824 Graculum
196 3765 225 3820 et
244 3759 390 3822 Matthiae
413 3757 451 3820 ad
473 3755 534 3822 Cic.
558 3755 647 3820 aoso.
667 3757 730 3819 Am.
753 3758 808 3831 29,
830 3757 881 3819 80.

99 3861 225 3938 ocateos]
264 3861 359 3940 tangit
396 3876 498 3924 versus
535 3856 690 3938 Eupolidis
729 3856 808 3938 apud
835 3857 937 3920 schal.
972 3857 1061 3920 Arist.

19 3961 135 4026 habam.
157 3959 238 4026 529:
339 3965 341 3972 ’

230 4087 316 4152 οὕτως
333 4059 502 4158 intitulabat
519 4081 604 4162 ap'rac
622 4089 678 4143 sair
692 4080 815 4160 ῥητόρων

229 4175 258 4234 τὸ
276 4179 390 4250 κέντρον
409 4155 567 4259 inadibilis
586 4177 641 4235 acic
660 4170 854 4246 ἀκροωμένοις.
949 4229 952 4236 ,

523 4262 570 4308 Ιθίι
