2674 4782
256 430 354 506 m
653 423 913 498 ctcuttouts

183 572 186 578 λ
258 599 314 669 tlte
346 595 492 666 et'recte.
536 605 651 686 poema
678 599 760 664 enim
785 593 980 664 reconditum
999 612 1171 685 paucorum
1200 615 1308 686 appro-

257 717 433 796 bationem,
464 717 565 784 oratio
586 713 747 804 popularis
769 733 935 783 assensum
955 713 1043 800 voigi
1064 713 1159 781 debet
1184 719 1305 782 mereri.

257 834 300 904 At
332 837 361 902 si
398 833 530 901 eundem
558 832 642 902 hune
667 833 830 902 Platonem
856 851 951 900 unum
978 833 1151 900 auditorem
1179 833 1307 902 heberet

256 951 502 1032 Demosthenes,
525 972 594 1019 cum
616 963 702 1019 esset
722 953 852 1020 relictus
869 971 889 1020 a
905 954 1033 1032 ceteris,
1053 951 1183 1018 uerbum
1202 953 1308 1026 facere

256 1091 319 1140 non
348 1081 466 1164 posset.
489 1057 583 1137 'lou
615 1068 717 1150 Quidt
750 1081 798 1152 tu,
826 1070 936 1151 Brute,
962 1091 1133 1160 possesne,
1161 1073 1191 1140 si
1219 1083 1250 1138 te
1278 1083 1308 1138 ut

259 1189 426 1258 Curionem
448 1189 603 1276 pendam
626 1192 729 1257 contio
751 1190 951 1277 reliquissett
993 1187 1063 1276 Ego
1083 1208 1178 1268 vero,
1210 1191 1309 1277 inquit

256 1309 330 1390 ille,
358 1319 391 1376 ut
420 1327 469 1375 me
492 1307 549 1373 tibi
571 1308 720 1388 indicem,
747 1311 850 1376 ineis
872 1311 966 1376 etiam
988 1310 1113 1388 causis,
1140 1307 1308 1394 inquibus

259 1429 360 1495 omnis
392 1445 445 1493 res
477 1424 571 1493 nobis
600 1445 669 1493 cum
701 1427 857 1494 iudicibus
890 1437 952 1506 est,
986 1445 1050 1493 non
1082 1443 1151 1492 eum
1182 1427 1306 1514 populo,

258 1554 381 1625 tamen,
414 1546 442 1610 si
475 1562 497 1610 a
536 1563 655 1612 corona
686 1545 815 1613 relictus
849 1547 924 1626 sim,
956 1563 1021 1612 non
1052 1563 1162 1632 queam
1189 1544 1306 1612 dicere.

258 1661 307 1731 lta
340 1683 392 1742 se,
424 1664 567 1750 inquom,
603 1681 656 1731 res
685 1663 796 1731 babet:
830 1674 876 1743 ut,
909 1665 937 1730 si
965 1663 1063 1730 tibiae
1091 1662 1217 1730 iubatae
1244 1683 1308 1730 non

259 1779 400 1850 referant
433 1801 557 1861 sonum,
590 1781 775 1850 abiciendus
808 1801 866 1849 eas
898 1781 960 1848 sibi
987 1781 1104 1848 tibicen
1128 1791 1228 1869 putet,
1259 1783 1307 1846 sic

261 1901 381 1968 oratori
400 1900 507 1988 populi
530 1919 624 1968 aures
644 1911 792 1990 tanquam
812 1901 911 1968 tibiae
933 1909 1021 1980 sunt3
1042 1917 1100 1966 eae
1123 1901 1153 1966 si
1171 1897 1305 1965 infletum

261 2033 325 2086 non
351 2013 505 2107 recipiunt
533 2029 586 2086 unt
614 2021 644 2086 si
666 1998 790 2087 auditor
810 2021 936 2088 omnino
956 2027 1105 2106 tanquam
1127 2035 1227 2106 equus
1245 2036 1305 2083 non

260 2137 355 2218 fucit,
378 2137 520 2224 agitandi
541 2137 612 2205 bnis
633 2138 799 2207 faciendus
820 2147 877 2206 est.

326 2303 373 2348 192.
395 2302 520 2358 possesne]
534 2315 626 2359 posses.

260 2472 288 2528 in
311 2473 392 2530 codd.
410 2472 539 2542 fluxerit,
560 2419 613 2530 misi
637 2493 673 2530 cx
695 2475 754 2532 etto.
789 2473 903 2545 Quippe
920 2473 982 2528 iibri
1002 2474 1136 2528 muntem
1156 2489 1206 2528 rme
1226 2472 1303 2530 ilium

174 2576 180 2585 ·
260 2564 407 2624 circeio,
431 2559 513 2616 unodo
535 2559 615 2616 venie
638 2560 840 2632 distinguentes.
875 2558 947 2614 Hinc
965 2559 1050 2612 Aldus
1069 2557 1170 2628 Nepos
1193 2559 1304 2613 coniecit

260 2646 394 2698 omnium
407 2644 545 2700 millium.
572 2643 614 2700 Et
627 2647 677 2709 tc,
691 2645 718 2698 in
732 2661 786 2716 que
799 2644 957 2715 suspicione
970 2643 1093 2697 vitiosum
1106 2654 1148 2698 est
1162 2649 1304 2706 omniumr

258 2729 421 2783 multonem
433 2730 562 2785 millium
571 2730 758 2795 Camerarius;
772 2734 905 2784 omnium
918 2727 1002 2782 sturm
1014 2729 1076 2799 (pro
1089 2729 1222 2793 illorum,
1234 2727 1304 2800 quud

258 2812 346 2885 ipsum
365 2815 494 2870 Turnebo
514 2815 667 2886 placuerat)
684 2813 795 2888 Lipsius
812 2815 902 2884 Antiq.
918 2812 1007 2867 Lectt.
1026 2811 1060 2867 ΙΙ.
1074 2812 1130 2880 223
1150 2814 1303 2884 Lennepins
1325 2805 1326 2866 i

258 2898 286 2952 in
305 2898 436 2954 Phalarin
453 2919 480 2971 p.
498 2899 558 2954 292.
579 2899 733 2954 bominum
747 2900 829 2955 mille
846 2917 867 2955 s.
886 2897 1032 2960 millesime
1052 2897 1189 2954 Torkillus
1209 2897 1302 2952 Botion
1325 2869 1326 2923 ¹

258 2983 287 3036 in
304 2982 391 3038 lobnii
409 2983 517 3040 Annali.
537 3002 561 3040 e.
582 2983 657 3039 18³³.
688 2985 829 3056 Supplem.
846 2983 903 3037 vol.
920 2981 965 3038 ΙΙΙ.
982 2983 1049 3038 fasc.
1065 2981 1090 3036 3.
1112 2987 1244 3038 omnium
1258 3000 1303 3036 me

258 3066 468 3140 lirrquentiuma
487 3067 609 3126 Ossibus
623 3077 741 3128 centum
755 3069 883 3124 millium
888 3089 899 3132 ,·
915 3065 1074 3122 chsncrus
1090 3073 1230 3124 ommium.
1254 3067 1303 3122 Ni·

256 3156 370 3208 minam
393 3159 480 3208 recte.
517 3153 601 3214 Quot
618 3153 751 3226 Meyerus
772 3153 837 3208 dicit
860 3157 889 3208 ei
913 3153 940 3206 iu
959 3153 1073 3224 vulgato
1090 3155 1227 3225 scriptura
1245 3169 1302 3207 sen·

257 3240 343 3294 tentis
357 3237 459 3292 idonee
472 3255 583 3306 carere,
601 3239 697 3294 salsum
712 3247 763 3293 est.
791 3239 848 3292 Καὶ
862 3235 955 3309 ὀρθῶς
965 3255 998 3320 ys
1016 3255 1080 3292 uum
1096 3237 1184 3308 ipsum
1198 3252 1301 3309 quoque

256 3321 317 3377 sine
338 3323 544 3377 seutentiei—
574 3323 666 3396 volpe]
688 3323 727 3379 sic
751 3323 796 3398 qui
819 3324 841 3396 ἕ.
863 3323 918 3379 189.
936 3353 971 3364 -
999 3323 1120 3392 mereat]
1146 3323 1175 3378 id
1200 3321 1241 3378 ed.
1261 3338 1300 3392 pr.

256 3403 364 3461 babere
385 3405 482 3463 dicitur
505 3416 533 3464 et
554 3409 683 3480 probavit
704 3407 809 3465 Rivius
844 3407 1058 3480 Logomursinus
1083 3405 1151 3462 nibil
1173 3403 1325 3487 enotavitp

256 3489 334 3546 Libri
351 3509 447 3549 omnes
459 3498 588 3561 moueri,
606 3512 659 3552 neo
675 3497 762 3550 minus
775 3492 919 3566 probabile
933 3491 1084 3550 (bornadum
1098 3493 1178 3564 sequi
1191 3507 1300 3548 movere

258 3579 447 3650 corrigentem.

328 3661 384 3716 Μ.
422 3663 523 3728 Quid?
542 3671 588 3730 tu,
605 3663 720 3732 Brute,
735 3663 892 3738 possesne]
917 3662 989 3718 benc
1005 3664 1251 3736 interpunctionem
1267 3659 1297 3714 ab

257 3743 430 3817 Heusingero
448 3749 512 3804 iude
529 3759 557 3805 et
570 3750 689 3806 Ernesto
706 3758 846 3821 receptam
862 3749 1032 3820 vituperavit
1044 3745 1183 3804 Mettbioe
1201 3748 1236 3802 od
1248 3745 1296 3802 Cic.

258 3843 287 3899 p.
304 3827 407 3886 Roscio
424 3829 473 3901 3³,
491 3835 533 3891 92.
554 3836 740 3892 diuersissima
757 3849 927 3905 comparans.
962 3834 1072 3906 Quippe
1095 3841 1126 3889 nt
1148 3843 1225 3889 recte
1240 3848 1295 3886 con·

254 3913 381 3988 iungatur
396 3918 469 3989 perte
484 3935 544 3975 cnm
558 3921 746 3992 sequentibus,
763 3919 838 3975 reiut
856 3919 930 3991 putei
944 3927 994 3986 tu,
1013 3919 1130 3976 Brute?
1146 3917 1295 3975 necessario
1323 3921 1324 3930 ¹

253 4003 397 4058 assumitur
412 4005 527 4062 uerbum
549 4013 597 4061 eut
615 4021 651 4060 ex
667 4005 803 4079 prioribus
822 4005 1036 4076 sequentibusve
1060 4013 1110 4060 out
1126 4006 1207 4060 sintiii
1223 4000 1294 4074 otgot-

251 4079 383 4144 flcstioue
398 4091 560 4160 praeditum.
587 4089 671 4146 Velut
684 4090 797 4147 Tusci.
811 4091 858 4159 15,
870 4089 926 4146 :tta
945 4091 1049 4162 loquor
1063 4091 1100 4146 de
1108 4087 1294 4165 principibus.

255 4163 336 4235 Quia
344 4175 475 4246 potitae?
496 4187 593 4229 monne
609 4183 823 4250 postmortem
841 4174 999 4232 oottttrare
1019 4175 1146 4233 volenti
1181 4169 1293 4230 Subaudi

180 4259 183 4268 ‘
252 4255 368 4322 What,
385 4258 582 4331 eutramnus,-
598 4270 675 4320 certe
691 4265 747 4320 tole
762 4261 876 4320 verbum
892 4257 957 4318 eddi
972 4279 1052 4336 opus.
1085 4261 1136 4332 94,
1151 4261 1210 4320 tib:
1227 4252 1292 4332 quid
1322 4281 1323 4320 1
