2640 4780
359 371 552 444 BRUTUS
581 373 672 446 GAP.
693 376 746 446 64.
978 381 1076 456 ”a

51 561 160 612 numero
186 561 287 610 annos
314 553 459 632 quattuor
486 553 518 614 et
544 545 753 632 quadraginta
781 545 891 614 luisse.
939 547 1007 618 Hoc
1035 551 1079 636 da

51 671 155 729 oratore
174 660 269 750 paulo
289 671 360 750 post
381 662 473 751 plura
493 663 650 732 dicemus:
671 662 857 733 bocautem
877 665 950 734 loco
971 667 1075 736 nolui·
1124 755 1127 764 “

50 797 106 846 mns
127 789 258 848 aetatem
279 783 314 848 in
334 783 491 870 disparem
512 791 672 850 oratorum
691 781 867 864 includere3
898 804 1075 872 quanquam

50 897 75 962 id
92 898 206 984 quidem
228 899 371 968 omnibus
392 901 577 969 usuvenire
598 919 731 970 necesse
753 901 827 982 luit,
849 902 961 990 quibus
979 903 1074 991 paulo

48 1014 156 1099 longior
179 1018 247 1084 uita
274 1019 417 1104 contigit,
443 1027 476 1085 ut
505 1029 537 1086 et
565 1039 634 1086 cum
662 1019 757 1088 multo
784 1019 956 1088 maioribus
985 1031 1071 1100 natu,

47 1151 124 1218 quam
144 1113 249 1202 essem
273 1137 350 1223 ipsi,
376 1147 407 1203 et
433 1157 503 1206 cum
528 1136 688 1224 aliquanto
715 1139 888 1206 minoribus
909 1157 1073 1228 compara-

46 1261 141 1318 rentur.
183 1251 224 1320 Ut
249 1252 367 1322 Accius
396 1254 497 1322 isdem
523 1254 680 1324 aedilibus
712 1258 757 1324 ait
784 1276 819 1324 se
848 1267 879 1323 et
903 1255 1073 1326 Pacuuium

45 1367 172 1437 docuisse
191 1369 344 1451 fabulam,
367 1391 459 1460 quom
475 1373 532 1441 ille
549 1376 724 1460 octoginta,
743 1373 811 1462 ipse
827 1375 956 1460 triginta
971 1393 1072 1444 annos

43 1495 119 1554 natus
138 1498 242 1556 essm=
284 1489 361 1556 230.
389 1492 437 1558 sic
457 1489 643 1560 Hortensius
664 1511 728 1560 non
749 1511 819 1560 cum
840 1495 907 1560 suis
929 1493 1073 1580 munuli·

41 1602 89 1670 bus
107 1606 223 1686 solum,
245 1607 303 1676 sed
323 1617 354 1675 et
374 1628 446 1676 mea
465 1627 534 1676 cum
553 1617 656 1676 aetate
678 1619 709 1676 et
726 1629 796 1677 eum
816 1619 885 1689 tas,
907 1609 1018 1689 brute,
1041 1621 1072 1678 et

42 1741 98 1788 oum
117 1725 277 1812 uliquauto
299 1729 460 1814 superiore
483 1727 696 1810 coniungitur:
718 1730 747 1794 si
764 1727 888 1816 quidem
905 1737 935 1794 et
952 1726 1071 1796 Crasso

39 1842 98 1908 noo
117 1843 224 1910 dicere
245 1843 369 1910 solebat
390 1853 421 1910 et
441 1846 544 1930 magis
566 1846 630 1912 iarn
651 1845 746 1911 etiam
766 1844 894 1930 uigebat
915 1865 984 1915 cum
1003 1845 1072 1912 An·

38 1959 126 2040 toniu;
145 1971 178 2029 et
193 1959 335 2050 Philippo
356 1963 420 2028 iam
442 1981 518 2030 sene
540 1982 597 2050 pro
614 1959 670 2028 Gn.
686 1959 815 2049 Pompei
834 1962 928 2029 bonis
947 1963 1070 2030 dicente

38 2077 137 2146 inilia
157 2099 271 2158 cansa,
299 2079 488 2148 adolescens
510 2099 580 2147 cum
601 2087 703 2158 essct,
724 2080 868 2167 princeps
890 2079 963 2158 init,
986 2089 1018 2148 ct
1037 2082 1072 2146 iu

88 2329 133 2376 23⁰.
159 2313 273 2384 Portippa
286 2333 332 2376 turn
345 2343 397 2376 aeae
406 2343 454 2388 pro
470 2331 512 2374 Cn.
523 2331 630 2386 Pmttpett
644 2331 713 2376 bools
725 2333 813 2376 dicente
825 2333 850 2376 ta
863 2331 906 2374 ltin
918 2341 1001 2378 cause,
1015 2329 1069 2374 udu-

157 2400 245 2442 lesecae
263 2411 314 2442 curte
330 2404 399 2449 esem,
414 2401 527 2456 princepe
539 2401 596 2456 suit]
615 2413 666 2444 eum
678 2401 737 2444 Pbii.
756 2403 799 2444 iam
812 2412 868 2444 seue
882 2420 907 2432 -
920 2399 1018 2443 dicente.
1045 2399 1070 2440 ln

156 2467 197 2511 tlte
209 2469 250 2512 sc.

90 2671 153 2728 230.
187 2669 306 2742 ulpedut
330 2699 365 2712 -
388 2669 516 2742 diemde]
544 2671 717 2744 Madvigium
745 2680 855 2730 secutus
879 2688 939 2728 sum
966 2671 1027 2728 Em.
1047 2669 1069 2728 Ι.

31 2771 52 2823 p.
66 2755 140 2824 171„
159 2757 233 2827 quod
247 2757 318 2810 idem
332 2755 498 2825 Bernhardy
515 2764 575 2810 erat
592 2756 725 2821 iecturus3
744 2757 828 2810 modo
847 2757 920 2826 quod
936 2765 1000 2826 post
1012 2755 1070 2809 Aa·

33 2845 105 2895 dontio
129 2858 187 2895 nom
205 2840 328 2912 virgula,
351 2840 401 2894 sed
423 2840 513 2893 medie
530 2840 648 2895 distinxi.
683 2841 708 2892 A
726 2840 803 2894 libris
820 2839 898 2893 abest
916 2855 983 2893 eum
1006 2845 1071 2892 ante

30 2923 169 2990 Antonio,
192 2926 303 2995 ponitur
326 2930 389 2976 ante
406 2919 566 2995 Pontem
588 2923 760 2993 distinguitur
780 2931 869 2976 autem
887 2922 971 2994 vulgo
989 2923 1071 2993 pleae

30 3021 82 3078 post
100 3012 232 3066 dicente.
267 3007 327 3064 illa
343 3024 436 3062 cauea
458 3008 517 3061 ie.
535 3015 603 3062 nota
618 3007 673 3061 ille.
708 3005 841 3077 Meyerus
861 3007 946 3062 libros
962 3017 1071 3062 secutus

28 3095 146 3168 scripsit:
170 3099 201 3146 et
222 3097 320 3164 mepte
335 3120 372 3134 ·-
389 3091 507 3163 adpebai
523 3091 667 3155 Antonio,
695 3097 725 3144 et
750 3108 818 3145 cum
838 3089 980 3164 Pnotsppo
1006 3095 1071 3145 lam

28 3197 86 3234 ome
102 3195 165 3253 pro
186 3176 234 3232 Ort.
248 3175 379 3251 Pompei
395 3177 479 3232 bouis
496 3177 611 3231 dicente
630 3182 662 3232 iu
679 3176 732 3231 otta
750 3193 843 3231 eausa
860 3181 910 3232 sse.
946 3176 995 3231 Cui
1012 3176 1071 3230 iure

28 3263 114 3319 obiicit
139 3261 304 3333 Bernhardy
327 3266 392 3316 otoo
415 3279 451 3316 ex
472 3263 593 3316 membro
618 3263 711 3334 priore
734 3262 822 3332 repeti
845 3263 955 3316 minime
977 3277 1071 3331 posse,
1159 3315 1164 3328 ,

27 3351 69 3403 sed
89 3348 246 3412 orationem
264 3349 355 3418 potius
379 3347 417 3400 ita
434 3347 561 3402 debuisse
582 3348 685 3403 institui
705 3354 733 3402 et
750 3351 850 3418 mepte
870 3351 934 3400 dam
953 3343 1070 3418 nipebut

28 3439 117 3488 etlam
137 3441 200 3487 dum
216 3436 280 3486 uiuo
297 3431 433 3489 Antonio.
469 3433 527 3486 Sed
550 3433 618 3486 illud
634 3435 695 3486 viro
713 3433 795 3487 docto
814 3449 870 3486 non
888 3431 1070 3484 concesserim

25 3519 184 3574 incredibile
209 3517 297 3573 videri
323 3517 463 3572 Hortensii
491 3518 627 3588 quendam
656 3517 769 3586 gradum
796 3524 823 3568 et
850 3516 1071 3586 progressionem

25 3621 41 3654 a
53 3603 147 3658 Crassi
165 3603 332 3673 temporibus
349 3603 385 3655 ad
397 3603 544 3656 Antonium
562 3599 685 3664 deliniri,
703 3615 816 3668 quorum
833 3610 935 3654 mortes
953 3610 1070 3670 quotuor

26 3689 101 3742 annis
115 3688 266 3758 diremptae
278 3687 386 3742 luerint.
415 3687 509 3740 Dietio
524 3687 596 3740 enim
611 3684 750 3738 Hortensii
763 3701 817 3754 pro
828 3683 963 3756 Pompeio
977 3701 1070 3739 rursus

24 3773 50 3825 in
65 3791 129 3826 eum
148 3789 246 3826 annum
263 3771 369 3838 incidit,
388 3771 434 3840 qui
451 3771 590 3840 proximus
608 3777 649 3824 est
666 3779 729 3839 post
746 3769 856 3824 Antonii
871 3780 1000 3836 mortem,
1018 3786 1080 3822 nec.

25 3859 108 3928 magis
124 3859 259 3927 quinque,
276 3873 354 3927 quarn
371 3865 498 3926 quattuor
515 3855 593 3908 annis
607 3853 767 3908 Hortensius
784 3855 819 3908 ad
832 3863 919 3908 artem
932 3854 1069 3906 videbitur

26 3940 164 4010 proficere
181 3943 311 4012 potuisse.
346 3941 421 4000 Quid
438 3941 473 3994 de
489 3957 520 3994 se
536 3940 574 3992 ait
591 3937 708 3993 Cicerei
742 3937 808 3992 Cum
827 3948 890 4007 post
904 3938 1069 3990 Roscianum

26 4027 163 4085 actionem
186 4027 341 4082 iuveniliter
363 4026 543 4080 luxuriantem
567 4024 595 4078 in
614 4025 704 4078 Asiam
728 4022 867 4094 proiectus
889 4028 978 4084 esset,
1005 4026 1069 4088 post

24 4108 164 4166 biennium
187 4119 258 4166 totus
277 4119 394 4168 mutatus
412 4109 507 4166 rediit:
531 4127 559 4166 v.
576 4108 649 4164 inira
671 4125 696 4164 c.
714 4107 761 4173 91,
776 4106 836 4162 316.
871 4103 966 4160 Potuit
988 4102 1069 4174 igitur

25 4193 113 4260 simile
130 4195 194 4266 quid
206 4195 355 4255 Hortensio
372 4197 539 4268 contingere.
551 4221 587 4240 -
604 4193 747 4268 Pompei]
764 4193 804 4248 sic
818 4191 869 4264 bg.
887 4185 1067 4262 praetentu,
