2676 4774
203 411 352 482 susus
372 413 670 500 stoottuhulau
692 423 794 494 ΗΘΜ.
816 425 925 498 uisu.
1026 431 1082 502 41

21 567 22 570 ¹
62 583 212 648 conicetura
226 593 271 650 est
285 605 357 652 sero
372 605 431 652 non
447 592 589 656 absimilis
601 591 680 676 (Ν).
715 598 863 663 Tribunus
878 601 972 680 igitur
986 601 1083 684 plebis

62 690 296 752 praerosam
324 689 409 770 leges
436 693 578 774 plurimas
604 699 672 762 tulit
697 701 779 782 plebi
804 702 1004 784 grabssimcs,
1031 701 1083 766 sed

60 801 141 863 neque
161 787 269 852 ciuitati
289 791 376 854 rutiles
398 801 427 855 et
448 795 573 860 mum
593 799 750 864 factiosum
771 810 800 866 et
821 821 913 866 aurae
929 803 1083 886 popularis

60 885 165 948 auidum
187 891 379 956 ostendentes.
434 895 498 974 Sic,
536 917 600 962 cum
629 903 749 983 ingenio
783 905 916 968 oratorio
949 903 1082 966 omnibns

60 995 218 1067 praestaret,
251 997 348 1056 tomen
378 997 520 1078 populari
551 1017 660 1066 causae
689 1003 824 1084 agendae
848 1007 990 1088 imparem
1017 1020 1083 1066 sese

113 1166 176 1236 52b)
194 1171 299 1230 'lulium
314 1179 385 1234 enim
400 1179 561 1254 μιμήσεων,
580 1185 765 1256 exemplorum
784 1186 865 1242 etiam
883 1205 918 1242 ex
937 1187 1004 1256 lpsls
1022 1201 1083 1239 ora·

58 1251 146 1308 toribus
169 1266 196 1312 et
214 1261 394 1330 scriptoribus
416 1282 477 1320 cum
502 1267 615 1324 Graecls
635 1277 689 1324 tum
706 1271 836 1327 Rornauls
859 1271 975 1343 demptis
995 1272 1081 1325 nomi·

58 1335 123 1390 uibus
138 1345 323 1412 appositorum
346 1349 432 1406 libros
452 1351 514 1406 illos
537 1353 654 1410 refertos
673 1373 732 1410 esse
758 1373 813 1412 uon
833 1357 976 1428 probabile
997 1355 1080 1410 niodo

57 1419 157 1491 videtur,
179 1429 229 1484 sed
253 1433 344 1488 multis
363 1433 431 1490 lecfs
455 1447 582 1494 accurate
605 1441 785 1496 demonstrari
801 1449 900 1512 potest.
935 1440 1082 1498 Notablles

57 1507 114 1561 euim
130 1512 300 1584 eloquentiae
317 1522 438 1592 magistri
457 1523 582 1594 plerique
599 1541 654 1580 non
671 1527 723 1598 ipsi
740 1525 881 1599 fingebant
897 1526 1025 1596 exempla
1041 1525 1081 1580 dl·

55 1596 171 1652 arentibus
186 1605 387 1673 proponenda,
406 1607 457 1662 sed
476 1609 511 1666 ab
529 1611 685 1666 oratoribus
701 1613 844 1668 sumebant
860 1631 927 1680 uec,
949 1613 1003 1668 nisi
1020 1627 1080 1666 cum

56 1693 82 1730 ea
96 1679 216 1756 deerant,
242 1688 279 1742 ad
296 1707 347 1746 sua
364 1692 564 1766 confugiebant.
600 1696 647 1751 Sic
665 1697 761 1753 Cicero
780 1698 845 1753 fecit
865 1700 893 1754 iu
913 1695 1035 1754 Oratore
1052 1704 1080 1750 et

55 1767 156 1822 secundo
174 1779 201 1825 et
218 1777 303 1831 tertio
322 1777 357 1832 de
375 1775 495 1835 Oratore
512 1781 598 1848 libro,
614 1783 653 1837 sic
670 1783 854 1842 Quintilianus
869 1801 944 1838 nono
962 1783 1080 1836 maxlme

54 1845 110 1903 libro
126 1863 151 1908 et
168 1859 329 1916 undecimo:
354 1873 463 1920 secutus
482 1867 598 1921 eurndem
617 1884 719 1922 morem
737 1867 854 1924 Rutilius
875 1868 969 1942 Lupus
991 1876 1033 1922 est
1052 1874 1080 1922 et

56 1931 160 1993 Senecae
176 1941 296 2000 rhetoris
315 1955 400 2004 totum
420 1967 490 2022 opus
513 1953 540 2006 in
559 1951 673 2008 floribus
690 1955 836 2025 eloquendi
856 1954 969 2008 aliorum
988 1959 1079 2008 aucto·

50 2033 100 2073 ¹rour
116 2025 272 2099 colligendis
290 2042 420 2090 versatur.
457 2033 570 2090 lnfimae
589 2040 686 2094 aetatis
703 2036 889 2113 τεχνογράφοι
906 2040 959 2094 soli
977 2039 1012 2093 ab
1026 2038 1080 2094 hoc

54 2120 115 2162 more
126 2110 312 2184 desciverunt,
330 2118 514 2190 utErnporius
528 2123 602 2192 apud
615 2123 789 2194 capparono.
804 2141 831 2194 p.
846 2123 905 2180 303.
921 2133 949 2178 et
960 2123 1080 2178 Priscia-

53 2205 92 2245 nus
107 2194 203 2271 Praep.
221 2201 304 2258 Rhet.
321 2223 348 2276 p.
366 2205 426 2259 359.
460 2205 552 2262 Fluxit
570 2209 652 2280 igitur
667 2209 727 2264 sine
746 2209 828 2264 dubio
844 2207 955 2275 rhetor,
980 2210 1026 2278 qui
1042 2208 1079 2262 ud

52 2274 198 2340 Herennium
210 2285 297 2342 libros
311 2308 375 2346 suos
393 2292 479 2360 misit,
496 2295 624 2366 exempla
637 2295 792 2366 complura:
810 2295 901 2348 omnia
917 2311 973 2348 non
987 2292 1078 2350 fiuxit.

54 2361 88 2416 Sic
107 2367 280 2444 intelligenda
298 2385 340 2431 est
360 2378 443 2450 longa
464 2379 587 2434 defensio
605 2380 749 2450 prooemio
772 2379 836 2434 libri
855 2381 945 2449 quarti
964 2380 1078 2446 inclusa,

54 2464 95 2516 qua
115 2470 220 2512 causam
245 2461 320 2529 quasi
344 2463 477 2520 adversus
501 2467 672 2521 criminantes
691 2467 770 2534 dicit,
793 2466 867 2536 quod
889 2467 948 2536 ipse
967 2463 1079 2520 finxerit

54 2534 131 2600 quibus
145 2545 280 2614 exemplis
294 2554 392 2602 utatur.
422 2549 531 2622 ttutppe
546 2570 606 2606 cusu
619 2559 701 2623 neget
714 2569 744 2606 se
758 2551 854 2606 alienis
868 2553 916 2619 uti,
933 2551 972 2606 ita
985 2557 1077 2623 negat,

53 2629 73 2672 ot
87 2621 184 2680 licuerit
202 2629 293 2684 aliena
310 2649 432 2700 sumere,
450 2638 536 2692 sicubi
554 2639 696 2694 videretur·
712 2637 887 2693 commodius.
922 2637 982 2692 lure
1001 2653 1078 2694 arro·

51 2721 102 2774 gans
119 2712 272 2782 videretur,
291 2717 314 2770 si
330 2721 564 2777 sermocinationis
578 2723 749 2794 exemplum,
767 2722 842 2794 quod
860 2731 1004 2794 tantopere
1019 2723 1077 2776 luu-

51 2789 111 2846 davit
122 2795 168 2852 Ν.
183 2799 240 2866 52,
260 2802 320 2872 ipse
338 2804 494 2861 invenisset.
520 2805 595 2862 locst
613 2809 694 2862 etiam
712 2825 796 2880 genos
811 2809 956 2864 verborum
974 2809 1002 2861 in
1017 2809 1078 2862 aliis

51 2875 107 2932 aliod
125 2883 223 2951 plane,
250 2903 302 2940 uec
320 2890 456 2958 antiquius
473 2891 555 2944 modo
577 2899 603 2946 et
620 2893 786 2963 incomptum
804 2893 831 2946 in
849 2893 1003 2958 nonnullis,
1028 2893 1078 2946 sed

51 2957 192 3020 inurbanum
205 2969 275 3023 adeo
291 2979 318 3024 et
330 2971 483 3040 horridius,
501 2975 577 3028 velut
590 2975 638 3028 Ν.
653 2976 695 3029 37.
725 2977 799 3034 outo
812 2977 874 3030 fons
886 2977 1077 3032 nonnullorum

51 3050 252 3106 manifestissime
270 3055 450 3110 demonstrari
469 3065 567 3128 potest.
606 3059 732 3116 Curionis
750 3077 784 3114 ex
803 3062 927 3114 oratione
944 3079 996 3131 pro
1015 3063 1077 3126 Ser,

50 3127 65 3180 F
67 3133 129 3189 ululo
150 3136 187 3190 de
206 3139 310 3193 lucestu
324 3141 424 3196 dictum
436 3142 519 3198 hahet
533 3143 628 3200 11³0:
648 3161 747 3199 nomen
759 3145 794 3199 ab
811 3147 871 3216 ipso
889 3163 944 3200 non
957 3147 1077 3202 additum

50 3220 219 3276 exulcerans
237 3223 272 3278 de
289 3224 450 3282 Inventione
466 3227 486 3284 l.
501 3229 543 3285 ss.
563 3231 698 3284 discimus.¹
732 3231 823 3286 Crassi
840 3232 972 3301 quaedam
989 3234 1078 3290 verba

50 3299 96 3370 ipso
113 3325 224 3378 quoque
242 3311 349 3364 nomine
368 3313 461 3368 addito
479 3317 569 3388 posuit
581 3315 627 3372 Ν.
641 3315 672 3382 3,
684 3315 725 3383 5.,
744 3333 824 3386 quem
842 3318 931 3372 locum
949 3318 1075 3390 integrio-

49 3401 93 3442 rem
107 3393 218 3448 retiuuit
237 3393 332 3449 Cicero
352 3397 386 3451 de
404 3396 453 3454 Or.
471 3399 493 3456 Ι.
511 3401 560 3470 52,
574 3403 631 3456 225.
666 3401 711 3456 Ex
728 3401 916 3458 Demosthene
931 3421 1076 3473 expressas

49 3479 181 3533 sententias
199 3479 266 3534 duas
278 3480 405 3552 legimus;
424 3485 539 3540 alterum
554 3497 595 3542 est
608 3488 761 3557 exemplum
774 3489 948 3543 subiectionis
961 3487 1009 3542 Ν.
1021 3489 1075 3558 bd,

50 3555 75 3610 de
92 3577 142 3629 quo
159 3581 187 3620 v.
206 3562 384 3634 Lambinum3
406 3571 521 3626 alterum
538 3572 722 3626 translationis
739 3583 852 3644 propter
868 3574 1008 3628 vitandam
1027 3574 1075 3630 oh-

50 3645 323 3718 resistentites,
342 3671 378 3726 en
396 3657 517 3711 eiusdem
532 3658 657 3712 oratione
675 3657 710 3711 de
727 3675 830 3712 corona
846 3660 959 3730 petitum
975 3677 1001 3732 p.
1013 3661 1074 3718 tto.

50 3741 65 3780 ⁸·
81 3747 103 3800 p.
119 3733 177 3789 240.
196 3735 219 3805 §.
240 3736 297 3791 loa.
315 3737 407 3794 Bekk.
442 3743 565 3796 Socratis
584 3741 683 3796 dictum
701 3745 810 3798 nomine
827 3745 966 3823 subtracto
985 3755 1075 3801 exstat

50 3807 86 3869 Ν.
102 3817 155 3886 28,
180 3830 315 3877 retentum
336 3825 415 3880 etiam
441 3845 457 3880 a
476 3826 660 3896 Quintiliano,
687 3847 716 3886 v.
733 3829 876 3900 Wyttenb.
896 3832 932 3885 ad
947 3831 1021 3885 Plut.
1039 3833 1074 3886 de

50 3899 97 3956 aud.
114 3910 186 3974 poet.
211 3925 238 3977 p.
255 3908 298 3962 tl.
316 3908 349 3965 E.
374 3927 396 3964 s.
415 3929 441 3982 p.
457 3912 517 3967 219.
551 3912 643 3968 Locus
667 3913 713 3968 Ν.
734 3915 781 3980 ll,
802 3916 847 3968 llis
873 3915 969 3969 solent
992 3920 1073 3970 esaim

50 3981 92 4039 dau
104 3996 233 4062 copitare
250 4001 301 4048 etc.
327 3996 493 4066 Sophoclem
507 4007 645 4054 auctorem
658 3999 741 4054 habet
755 4001 782 4053 in
797 3997 909 4052 Electra
921 4000 981 4054 312.
997 4004 1076 4070 φιλεῖ

49 4066 92 4144 γὰρ
109 4073 198 4134 ὀκνεῖν
213 4079 318 4153 πρᾶγμ’
335 4079 405 4154 ἀνὴρ
418 4079 553 4154 πράσσων
565 4089 647 4157 μέγα.
674 4085 755 4145 Quae
771 4085 896 4156 leguntur
911 4083 958 4140 Ν.
969 4085 1012 4151 46,
1020 4085 1074 4154 59.,

50 4168 98 4286 ltuot
119 4161 152 4216 de
176 4166 415 4242 λαμπαδηδρομίᾳ
437 4169 517 4226 dicta·
531 4169 598 4238 siut,
621 4173 682 4228 sine
706 4171 789 4228 dubio
812 4169 947 4226 Graecum
970 4169 1074 4228 fontem

57 4240 142 4301 tabent.
