2676 4774
244 399 310 470 10
401 391 549 462 Bnuvrs
571 387 870 472 ELOQUENTIAE
892 386 995 458 noll.
1014 387 1128 458 HIST.

244 587 321 630 mam
339 567 492 629 literarum
513 564 695 628 Graecarum
719 564 777 626 sihi
797 569 934 644 parasset
960 563 1173 642 cognitionem,
1202 563 1288 628 etiarn

244 667 386 750 eloquens
407 667 523 730 babitus
541 674 586 728 est
607 673 635 728 et
652 665 775 746 reliquis
788 665 877 727 rebus
898 671 1019 726 ornatus
1043 671 1072 724 et
1088 664 1212 743 elegans
1225 663 1277 744 (⁵⁰)

243 771 354 834 Eodem
380 777 513 848 tempore
541 772 587 826 22.
610 769 794 844 Sempronius
819 770 854 827 Ρ.
877 770 910 826 F.
937 766 1082 824 Gracchus
1105 766 1196 839 vixit,
1229 767 1286 845 qui,

201 949 203 954 Ι
244 889 307 936 cnm
338 872 371 933 P.
399 870 541 944 Africano
574 867 715 931 aduersus
744 867 958 930 obtrectatores
991 867 1123 946 mancis
1153 867 1287 928 inimicus

243 991 328 1054 opem
348 971 477 1044 tulisset,
501 968 669 1032 Corneliam
690 969 753 1030 eius
772 967 863 1030 filiam
883 968 915 1029 in
930 969 1143 1030 matrimonium
1165 968 1287 1048 accepit.

241 1075 270 1138 ls
294 1092 358 1136 curn
380 1073 492 1134 iustitia
513 1089 567 1132 sna
588 1077 710 1151 praetor
730 1070 903 1150 Hispaniam
923 1076 1076 1150 pecasset,
1105 1068 1287 1130 consulatum

242 1177 336 1256 gessit
353 1193 381 1235 a.
397 1174 475 1247 577;
500 1180 568 1254 post
585 1189 689 1234 censor
704 1171 812 1252 optime
833 1170 869 1232 de
885 1189 919 1232 re
935 1171 1055 1252 publica
1076 1171 1182 1232 meruit
1197 1169 1287 1230 liber·

241 1277 319 1338 riuos
343 1292 442 1336 omnes
470 1275 501 1335 in
522 1292 609 1336 unam
630 1273 814 1354 Esquilinam
841 1273 949 1334 tribum
969 1271 1162 1334 coniiciendo.
1206 1272 1288 1334 Hunc

242 1394 365 1456 grauem
387 1383 414 1437 et
440 1375 624 1455 eloquentem
645 1374 750 1438 Cicero
775 1375 806 1436 in
824 1374 916 1436 Bruto
938 1372 1062 1446 iudicat,
1092 1373 1203 1454 qnippe
1225 1371 1286 1434 elo·

243 1476 352 1558 quendi
380 1483 473 1538 artem
500 1484 529 1540 ct
555 1476 698 1557 plurimos
724 1483 753 1537 et
781 1477 999 1556 antiquissimos
1018 1477 1130 1562 Romae
1159 1473 1288 1536 cultores

241 1579 390 1660 reperisse
412 1585 596 1652 ostensurum
618 1595 685 1638 nam
707 1577 768 1638 alio
792 1577 860 1640 loco
882 1579 981 1640 verius
1003 1577 1172 1639 existimans
1194 1573 1287 1636 haud-

128 1723 133 1730 ·
242 1699 389 1760 quaquam
412 1679 595 1760 eloquentem
617 1678 687 1741 dicit
703 1674 766 1758 (5⁶).
812 1679 955 1744 Graecam
983 1678 1069 1741 huius
1090 1677 1149 1742 riri
1174 1675 1287 1738 oratio-

241 1798 307 1842 nem
335 1780 413 1861 apud
441 1778 573 1843 Rhodios
604 1780 735 1842 habitam
763 1778 868 1842 Cicero
898 1779 983 1842 affort
1000 1775 1071 1860 (⁵⁷);
1103 1777 1155 1840 scd
1182 1775 1288 1840 Livius

240 1881 316 1962 legit
332 1883 418 1944 etiam
435 1881 531 1956 illam,
549 1898 637 1961 quarn
653 1882 684 1942 in
702 1898 793 1942 causa
804 1881 952 1962 Scipionis
971 1882 1093 1944 maioris
1108 1878 1209 1942 hahuit
1219 1872 1286 1956 (⁵⁸).

326 1983 494 2063 Sequuntur
519 1983 577 2045 riri
602 1981 681 2044 haud
706 1981 798 2062 paulo
825 1983 951 2062 maiores
979 1990 1008 2044 et
1032 2000 1092 2044 non
1117 1988 1177 2042 tam
1196 1979 1287 2040 rebus
1328 1975 1329 1980 ’

240 2085 331 2163 gestis
353 2103 441 2164 quam
457 2084 536 2146 uitae
557 2082 771 2145 necessitudine
793 2089 821 2160 et
839 2083 988 2145 consortio
1009 2084 1053 2144 ita
1069 2079 1230 2154 comuncti,
1254 2087 1286 2142 ut

240 2185 423 2247 auctoribus
445 2203 560 2265 semper
577 2203 637 2245 una
658 2185 804 2246 nominari
819 2184 948 2259 soleant,
969 2188 1003 2242 P.
1014 2185 1173 2257 Africanus
1192 2181 1286 2243 minor
1321 2253 1327 2272 ι

240 2292 269 2346 et
287 2285 316 2342 e.
330 2285 457 2342 Laelius.
499 2285 534 2346 P.
547 2285 705 2346 Africanus
728 2285 806 2346 filius
829 2292 893 2346 erat
910 2286 945 2347 L.
961 2285 1080 2348 Aemilii
1095 2284 1130 2346 L.
1147 2283 1181 2346 F.
1198 2283 1286 2352 Pauli

240 2384 318 2457 eius,
343 2384 394 2463 qui
414 2385 526 2446 Persen
547 2401 648 2463 regem
668 2385 706 2448 ad
723 2385 853 2466 Pydnam
873 2387 943 2448 uicit
965 2403 993 2448 a.
1005 2387 1078 2449 586.
1121 2384 1285 2465 Adoptatus

240 2493 285 2548 est
311 2503 331 2544 a
352 2485 473 2546 maioris
494 2485 629 2546 Africani
654 2486 731 2562 tilio,
757 2505 794 2550 ne
816 2488 905 2568 stirps
926 2488 1012 2548 huius
1033 2486 1183 2560 interiret,
1209 2485 1285 2546 unde
1327 2535 1328 2576 p

240 2602 388 2675 Quomen
408 2603 489 2648 more
506 2587 638 2650 Romano
655 2589 814 2650 Aemiliani
832 2590 937 2663 traxit,
961 2605 1019 2668 quo
1041 2595 1139 2650 tamen
1159 2604 1285 2668 perraro
1327 2601 1328 2630 t

239 2705 308 2759 nec,
331 2686 388 2746 nisi
407 2693 439 2748 ut
461 2689 608 2750 amaiore
624 2690 767 2752 Africano
790 2689 1002 2769 distinguatur,
1025 2689 1175 2770 appellari
1196 2688 1283 2750 solet:

238 2787 333 2852 indita
355 2789 430 2850 euim
452 2798 518 2852 sunt
540 2790 672 2852 clariora
694 2809 732 2852 ex
753 2791 841 2852 rebus
863 2793 955 2870 gestis
978 2791 1136 2870 agnomina
1150 2789 1284 2852 Africani

240 2888 466 2959 etNumarrtini.
503 2891 596 2952 Natus
621 2899 686 2953 erat
708 2910 735 2953 a.
754 2911 782 2954 ιι.
805 2892 882 2956 569:
910 2900 1040 2954 mortuas
1063 2899 1107 2952 est
1135 2891 1212 2952 enim
1231 2909 1282 2952 an-

238 3008 305 3053 num
327 2991 599 3069 quinquagesimum
620 3001 733 3054 sextum
755 3009 847 3072 egens
867 3012 894 3056 a.
910 2993 983 3056 625.
1025 2992 1214 3054 Aedilitatem
1234 3010 1282 3052 eu·
1326 3061 1327 3066 η

238 3090 332 3151 rulem
349 3093 493 3170 petiturus
513 3101 577 3154 erat
599 3095 630 3153 in
646 3112 674 3153 a.
687 3097 758 3168 607,
782 3112 844 3155 oum
861 3094 978 3172 legibus
1001 3094 1114 3156 solutus
1138 3101 1168 3154 et
1183 3092 1283 3154 consul
1326 3119 1327 3170 3

238 3199 355 3252 creatus
379 3199 436 3265 est,
459 3194 531 3272 quia
551 3195 619 3254 huic
641 3194 699 3254 soli
716 3193 969 3272 Carthaginiensis
986 3195 1060 3256 belli
1080 3195 1188 3256 molem
1206 3213 1281 3256 coru-
1326 3205 1327 3246 l

238 3293 406 3356 mittendam
439 3293 564 3354 Romani
594 3295 745 3374 putabant.
793 3295 900 3356 lterum
931 3296 1100 3357 consulatus
1131 3297 1281 3358 mandatus

237 3393 458 3472 necopinato,
491 3402 523 3455 ut
551 3395 674 3456 alterum
699 3397 898 3459 Romanorum
925 3397 1195 3458 terriculamentum
1222 3397 1281 3458 Nu·

239 3493 376 3554 mantiam
395 3493 508 3556 duobus
531 3499 706 3559 exercitibus
724 3499 925 3561 circumuentis
949 3505 977 3558 et
994 3498 1032 3559 ad
1048 3497 1154 3560 foedus
1172 3499 1281 3560 sacien-

238 3583 305 3657 dum
328 3595 438 3657 coactis
460 3595 683 3660 formidolosum
703 3599 822 3661 tolleret
845 3619 873 3660 a.
897 3601 969 3661 620.
1011 3599 1090 3661 Inter
1117 3599 1192 3662 duos
1214 3599 1280 3660 illos

238 3697 408 3758 consulatus
430 3697 527 3760 media
548 3684 702 3762 intercedit
722 3719 847 3764 censura
868 3719 932 3762 eum
947 3701 982 3762 L.
994 3698 1136 3776 Mummio
1153 3702 1280 3764 Achaico

238 3815 342 3877 parurn
369 3814 491 3860 concors
519 3821 547 3862 a.
570 3804 631 3863 612
650 3801 714 3882 (·).
759 3802 830 3865 Cum
854 3803 1044 3865 Gracchanae
1066 3801 1192 3864 factioni
1212 3820 1280 3864 con·
1325 3807 1326 3844 ³

235 4019 237 4024 .
305 3962 350 4030 55)
370 3962 426 4016 cte.
440 3963 457 4020 l.
473 3983 497 4021 c.
585 3967 631 4034 56)
648 3968 665 4020 l.
678 3985 700 4022 c.
718 3968 739 4037 §.
752 3969 793 4024 79.
812 3984 867 4036 quo
879 3967 942 4020 loco
957 3966 1162 4036 temperandam
1176 3966 1281 4020 laudem

236 4051 347 4108 docebit
363 4058 536 4120 comparatus
553 4052 624 4106 alter·
635 4053 670 4106 de
684 4049 734 4108 Or.
748 4052 768 4108 l.
781 4053 814 4119 9,
828 4053 871 4107 68.
958 4053 1004 4119 57)
1023 4053 1080 4107 Cic.
1090 4049 1170 4106 Brut.
1184 4051 1228 4116 20,
1243 4049 1280 4102 79.

234 4137 281 4202 58)
298 4137 361 4192 Liv.
376 4135 529 4212 XXXVlll.
548 4137 598 4203 56,
615 4140 655 4194 16.
742 4138 788 4206 59)
807 4139 862 4194 cic.
878 4136 1158 4204 emulationes.
1186 4135 1281 4190 Festus

236 4238 263 4294 p.
277 4220 337 4274 235.
355 4223 398 4276 ed.
414 4221 539 4278 hindam.
575 4222 630 4278 Cur
648 4224 759 4280 lustrum
774 4224 846 4283 illud,
859 4223 955 4280 infelix
971 4223 1077 4284 dicatur
1094 4239 1149 4278 non
1165 4226 1278 4278 constat.
