2660 4776
187 409 338 482 naevis
358 411 655 498 ELOQUEN'l’lAE
678 411 781 483 tom.
803 413 913 487 illst.
1003 419 1072 492 00

53 593 74 648 at
93 585 226 650 facilitate
254 587 411 650 aeriorum
442 588 474 650 in
500 593 651 653 oratorum
681 605 831 652 nnmernm
857 589 992 672 peruenit
1008 585 1072 670 (ω).

52 692 77 749 Ρ.
90 689 211 759 Aetam,
235 687 286 769 qni
306 705 370 751 oum
385 689 487 769 priore
504 707 564 750 una
581 697 626 751 est
646 691 778 765 oooisus,
798 688 902 752 laudea
921 707 980 754 non
1002 707 1072 754 oon-

52 787 196 850 tennendas
226 789 331 852 Gioero
358 789 460 864 hahet;
493 789 587 852 luisse
619 791 695 852 onim
723 789 794 854 dioit
824 797 940 854 acutum
968 792 1000 852 in
1025 792 1072 854 in-

14 911 16 1020 p
47 885 183 964 ueniendo,
205 887 373 968 diligentem
391 891 422 952 in
438 891 662 972 compositione,
685 893 826 954 memoria
840 891 985 966 ammisse,
1005 909 1073 956 uer·

14 1023 15 1032 ,
51 987 86 1048 bis
103 1006 155 1050 non
176 989 298 1052 abiectis
319 1009 421 1064 nsnm;
449 1009 508 1070 qua
527 1008 561 1052 re
585 992 701 1053 summis
724 993 892 1054 oratoribus
917 994 979 1055 eins
999 1000 1072 1055 tem·

51 1091 115 1169 poris
140 1091 287 1152 exstinotis
310 1089 470 1171 plerasque
497 1108 603 1154 eaesae
631 1090 669 1152 ad
696 1106 761 1154 eom
788 1110 854 1155 esso
876 1091 990 1156 delatas
1009 1089 1072 1173 (⁵⁷).

14 1185 15 1188 ’
51 1189 116 1251 lluno
147 1191 261 1252 minime
294 1192 443 1271 aequabat
477 1191 527 1250 Ga.
559 1195 749 1270 Pomponius,
790 1194 915 1257 maxime
952 1204 1074 1277 propter

51 1292 190 1354 emtionem
212 1291 301 1354 robus
320 1291 485 1367 confusam,
507 1292 607 1355 verbis
629 1291 902 1375 perturbatamffl).
938 1295 1073 1378 Denique

51 1407 132 1453 eornm
155 1400 320 1469 oratorum,
352 1394 403 1474 qui
430 1401 515 1456 emma
542 1394 644 1456 urbem
672 1393 846 1471 floruerunt,
877 1397 1073 1479 prinoipatum

14 1573 15 1586 ἵ
51 1491 136 1556 dicero
158 1499 190 1553 Τ.
209 1499 327 1554 Batooio
344 1499 438 1554 Boreo
456 1494 605 1558 Asoulano
628 1493 692 1569 dat;
714 1497 765 1576 qni
786 1498 891 1560 ceteris
912 1506 1072 1562 memorato

14 1599 15 1642 ῑ
50 1591 159 1672 dignior,
182 1595 262 1676 qnod
280 1595 390 1658 nobilis
406 1597 501 1658 oratio
524 1597 586 1658 eiua
609 1605 711 1659 eontra
729 1595 907 1680 Caepionem
929 1600 1073 1676 exstabat,

50 1694 86 1754 oni
101 1698 317 1778 responsionem
339 1697 457 1779 soripsit
477 1697 513 1761 L.
531 1696 634 1760 Aelius
654 1697 760 1777 Stilo(
786 1699 809 1779 >-

499 1864 526 1950 a
549 1868 600 1930 aa.

102 1977 205 2037 Quarta
225 1978 400 2049 eloquentiae
416 1979 560 2034 Romanae
578 1989 663 2036 aetas.
699 1981 792 2036 Status
810 1983 851 2036 rei
869 1980 1003 2052 publicae.

114 2102 172 2164 lam
207 2101 247 2164 ad
280 2109 414 2182 martam
447 2104 634 2183 eloquentiae
663 2103 815 2166 Romanae
846 2109 971 2163 aetatem
1004 2117 1073 2181 por·

46 2201 171 2280 sommus,
200 2221 261 2284 qua
286 2201 326 2264 ad
347 2221 486 2264 summum
508 2204 708 2285 praestantiae
734 2203 886 2282 fastigium
907 2208 951 2264 est
973 2208 1075 2266 ereata

46 2319 93 2364 non
110 2312 166 2366 tam
185 2303 411 2388 praeclarorum
425 2305 557 2368 uirorum
578 2303 695 2380 studiis,
719 2321 806 2385 pam
826 2305 894 2384 ipsa
913 2304 958 2366 rei
974 2301 1073 2384 publi-

47 2419 88 2464 oao
113 2406 277 2469 conditione
308 2413 337 2468 et
364 2408 549 2469 necessitate.
591 2406 645 2469 Est
670 2406 745 2468 enim
774 2423 884 2466 summa
906 2404 1075 2484 eloquentia

45 2501 188 2568 liberarum
212 2507 328 2587 qnidam
350 2509 498 2571 ciuitatum
520 2507 650 2584 alumna,
678 2505 731 2570 sed
758 2523 817 2568 non
841 2506 1023 2584 integrarum
1045 2511 1074 2566 et

45 2601 105 2666 lene
130 2614 326 2682 moratorum,
356 2607 409 2670 sed
429 2609 573 2670 ruentium
601 2616 629 2670 et
656 2609 688 2669 in
712 2625 795 2669 auant
816 2607 975 2687 pernioiem
995 2605 1074 2669 uitiis

45 2709 265 2784 turgescentinm.
297 2708 364 2771 Non
380 2709 503 2771 dixerim
523 2709 640 2790 quidem
660 2709 733 2770 solis
753 2709 900 2770 lominum
921 2714 949 2770 at
967 2705 1074 2768 faotio-

44 2821 98 2868 num
122 2809 208 2870 malis
236 2815 265 2870 et
295 2809 478 2872 facinoribus
509 2811 615 2887 angeri
647 2825 770 2890 eamque
796 2825 859 2869 rem
886 2807 1076 2888 praeeipuam

45 2903 191 2972 dicentibus
220 2910 371 2970 materiem
398 2907 603 2990 suppeditare:
634 2909 687 2970 sed
715 2909 846 2989 quamuis
874 2907 913 2968 sit
939 2923 1076 2984 magnum

46 3014 67 3068 et
82 3011 194 3089 regium
221 3010 253 3070 in
270 3009 418 3070 homimum
444 3015 554 3068 mentes
582 3025 692 3070 rernm.
707 3007 863 3090 prudentia
885 3013 913 3068 et
936 3005 1076 3069 facundia

45 3109 187 3173 uerborum
205 3108 363 3183 dominari,
384 3108 440 3170 illa
460 3115 558 3170 tannen
576 3125 674 3172 rerum
689 3110 879 3172 humanarum
900 3114 1007 3170 natura
1022 3116 1075 3186 est,

45 3213 68 3268 ut
82 3209 111 3272 id
125 3209 255 3272 maximo
275 3209 305 3270 in
321 3226 373 3270 eos
392 3209 524 3272 ciuitates
542 3209 641 3286 eadat,
664 3229 741 3291 quae
756 3210 934 3272 factionibus
951 3229 1075 3292 quassa-

45 3312 82 3370 tae
98 3311 129 3372 in
148 3310 311 3392 potentium
331 3311 478 3373 hominnm
499 3309 652 3374 clientelas
669 3313 848 3376 scindantur.
877 3311 965 3394 Apud
980 3313 1075 3376 bonos

45 3411 107 3472 enim
132 3413 205 3476 boni
225 3411 325 3475 uolent
346 3419 375 3475 et
395 3413 496 3496 magni
518 3414 735 3488 existimantnr3
763 3413 794 3474 in
816 3414 933 3477 civitate
958 3413 1077 3495 perdita

44 3511 86 3588 qni
103 3513 169 3576 sola
191 3512 347 3594 prodentia
368 3521 419 3576 ant
438 3533 550 3578 morum
569 3516 739 3594 integritate
761 3515 991 3590 commendatur,
1018 3517 1077 3579 nisi

44 3613 152 3676 aooedat
173 3613 331 3694 eloquendi
352 3633 418 3692 ars,
447 3635 508 3696 qna
528 3615 711 3696 decipiantur
732 3615 799 3690 alii,
822 3616 877 3678 alii
895 3624 1076 3694 moueantur,

45 3711 130 3774 audiri
148 3733 208 3776 uon
229 3715 314 3777 solet.
357 3716 409 3780 Sia
429 3718 540 3791 Attiou,
563 3717 607 3778 sio
622 3717 756 3779 Romana
779 3717 870 3780 orenit
891 3717 1076 3800 eloquentia3

45 3809 175 3878 olmnnnit
203 3823 330 3898 nmaqne
361 3827 391 3881 et
420 3819 556 3880 inanibus
587 3819 784 3898 sophistarum
814 3818 1076 3883 declamationibus

45 3967 241 3984 *flu-—

102 4061 146 4130 56)
171 4063 226 4119 Cic.
250 4063 360 4120 Divers.
384 4064 431 4120 tx.
455 4067 497 4122 al.
528 4064 608 4122 Brut.
632 4065 679 4131 62,
703 4065 763 4120 221.
850 4063 896 4132 57)
922 4062 978 4119 Gla.
996 4059 1075 4115 Brut.

44 4140 168 4290 {mk
200 4149 289 4289 16958)
307 4149 363 4206 ore.
375 4149 585 4221 Bruaoaam.
606 4149 642 4256 aa
654 4147 702 4208 or.
714 4147 746 4207 n.
762 4147 811 4216 aa,
823 4145 866 4204 ar.
955 4145 1001 4215 aa)
1019 4146 1075 4203 ore.

108 4269 115 4286 .
172 4271 181 4300 ,
250 4275 256 4288 .
