2646 4772
244 425 348 498 seo
635 405 897 490 tilc'Eltorils

244 605 308 662 tarn
328 594 506 661 oscitanter.
548 589 622 656 278.
651 590 699 656 lii
720 595 817 668 istue,
846 591 891 662 ll.
919 589 1036 668 Calidi,
1064 593 1131 658 uisi
1151 593 1290 675 fiuqems,

245 717 291 779 sie
311 712 441 794 operest)
459 713 648 793 praesertim
669 731 740 776 eum
761 713 825 777 istu
845 712 1023 795 eloquentia
1039 711 1224 776 alienorum
1242 714 1291 775 bo-

244 834 366 896 miuum
382 830 527 910 pericula
546 829 706 912 defendere
727 848 888 896 acerrume
909 831 1027 904 soleas,
1051 838 1142 894 tuum
1162 831 1292 912 ueqliqe-

245 950 318 1015 res?
343 949 398 1012 obt
414 948 529 1012 dolor?
552 949 607 1014 ubi
624 949 723 1014 ardor
740 951 857 1022 ouimi,
881 950 936 1032 qui
950 950 1045 1014 etiam
1061 967 1103 1012 eu
1119 949 1293 1030 iufamium

245 1067 379 1150 imperalis
401 1065 509 1130 elicere
530 1083 619 1130 oooes
639 1077 668 1131 et
688 1069 830 1149 querelas
852 1067 952 1133 soleti
986 1067 1077 1132 mula
1093 1066 1293 1148 perturbatio

246 1183 362 1258 animi,
394 1183 485 1248 mullo
505 1185 665 1265 eorporis:
693 1184 785 1266 [rous
805 1204 872 1250 mou
891 1199 1155 1267 pereussa,·uou
1174 1183 1293 1267 femur:

245 1304 350 1388 petiis,
368 1301 452 1384 quoa
467 1303 643 1366 minumum
657 1311 714 1377 est,
732 1303 823 1368 mullo
838 1303 1010 1384 supplosio.
1041 1302 1155 1384 ltaque
1174 1311 1293 1367 tautum

248 1421 366 1503 obtuit,
383 1429 421 1484 ut
440 1419 654 1504 inflammares
676 1431 804 1486 uestros
825 1423 967 1498 ammom
986 1437 1133 1486 sommum
1149 1421 1214 1484 isto
1232 1419 1292 1482 loeo

123 1616 126 1622 ι
248 1539 308 1602 viu
345 1537 532 1602 tenebamus.
587 1533 643 1603 Sio
679 1557 738 1604 nos
769 1541 880 1603 sumini
911 1539 1047 1605 oratoris
1077 1535 1131 1604 vel
1163 1537 1293 1602 sanitate

247 1654 300 1721 uel
320 1658 397 1722 vitio
419 1674 477 1743 pro
499 1665 683 1738 argumento
705 1656 745 1722 ad
769 1656 948 1723 diluendum
972 1657 1090 1724 crimen
1110 1656 1163 1721 usi
1182 1671 1292 1719 sumus.

197 1819 199 1826 ,
249 1772 323 1839 279.
352 1771 433 1838 Tum
461 1769 589 1851 Brutus,
617 1780 721 1860 Atque
745 1773 937 1876 dubitamps.
964 1776 1080 1861 inquit,
1107 1782 1210 1838 utrnrn
1237 1774 1293 1836 ista

177 1949 182 1956 .
250 1893 373 1958 sanitas
401 1891 495 1958 luerit
522 1909 562 1956 an
584 1892 711 1959 vitiumt
755 1891 833 1973 Quis
856 1895 939 1960 enirn
961 1913 1024 1960 non
1046 1891 1198 1968 fateatur,
1229 1907 1292 1955 cun

250 2029 291 2076 en
321 2009 465 2076 omnibus
487 2013 622 2076 oratorie
649 2009 796 2078 laudibus
816 2011 911 2097 longe
937 2013 1001 2077 isto
1021 2013 1062 2076 sit
1082 2027 1231 2076 maxuma
1251 2010 1293 2072 iu·

249 2126 412 2196 inminere
448 2131 570 2196 animos
599 2128 789 2196 audientium
814 2141 845 2196 et
873 2148 1056 2217 quoeunque
1083 2147 1137 2196 res
1164 2125 1294 2214 postulet

251 2246 504 2326 maturauere,
527 2249 580 2334 qui
597 2245 658 2314 liae
675 2250 787 2316 virtute
805 2251 956 2329 caruerit,
977 2247 1074 2327 idei,
1093 2244 1177 2334 quod
1192 2262 1295 2311 manu·

251 2363 461 2443 meminerit,
483 2365 642 2433 defuisset

336 2479 487 2547 Lxxxi.
521 2481 571 2552 Sit
598 2503 676 2552 sane
708 2486 767 2560 ita,
798 2486 942 2572 inquam:
976 2481 1032 2549 sel
1063 2480 1231 2548 redeamus
1258 2476 1294 2544 ad

253 2615 341 2678 euin,
364 2601 417 2686 qui
437 2601 500 2666 iam
522 2617 601 2668 nnus
621 2611 736 2681 restat,
758 2601 973 2682 Hortensium
1000 2610 1065 2666 turn
1087 2599 1125 2666 de
1147 2597 1294 2665 nobismet

253 2717 345 2805 ipsis,
366 2721 513 2806 quonium
534 2719 694 2800 idulium,
715 2719 825 2801 Brute,
847 2720 1005 2809 postulas,
1025 2737 1130 2806 pauoo
1152 2717 1290 2783 dicemus.
1317 2749 1318 2778 ι

322 2936 383 2992 278.
418 2943 452 2992 tu
467 2939 556 3008 tslue]
571 2937 661 2992 loeunr
670 2938 779 3008 paulum
793 2942 923 2995 mutatum
933 2937 1013 2993 affert
1020 2934 1135 2996 Quintil.
1144 2931 1231 3000 xis,
1241 2929 1291 2985 155.
1316 3009 1317 3012 ¹

254 3028 283 3075 et
292 3029 397 3092 partein
412 3022 435 3093 ξ.
447 3022 519 3089 123.;
537 3023 621 3079 babet
634 3025 716 3078 etium
732 3041 792 3078 uon
803 3024 890 3094 fraus
898 3040 1046 3098 percussu
1052 3042 1064 3086 ‚·
1081 3020 1183 3092 probat
1192 3017 1253 3073 Seli.
1262 3043 1292 3055 -

251 3112 432 3179 praesertim
455 3110 535 3177 eum]
559 3108 603 3163 lrie
627 3111 715 3181 intpp.
737 3109 902 3177 haeserunt,
931 3107 1007 3180 quoti
1030 3106 1193 3178 interposito
1212 3117 1292 3177 prus·

254 3196 358 3247 sertim
376 3193 543 3248 continuatio
560 3195 741 3249 membrorum
759 3213 863 3267 uqeres
882 3203 910 3249 et
927 3193 1089 3266 uepltqeres
1105 3188 1291 3259 interpelletur.

254 3273 351 3347 ltaque
363 3276 512 3332 Lambinus
524 3279 647 3350 scripsit:
661 3282 837 3351 recuperes,
847 3283 1031 3353 praesertim
1043 3283 1106 3333 ista
1117 3269 1292 3346 eloquentia?

255 3377 323 3416 auur
347 3361 513 3418 alienorum
532 3367 595 3429 &oq
620 3363 797 3420 Schuetnins:
825 3365 947 3437 aperus?
971 3369 1017 3430 tu,
1041 3367 1104 3417 istu
1124 3359 1291 3434 praesertim

146 3497 154 3510 .
255 3445 328 3518 eloq.
347 3465 417 3504 eum
435 3447 601 3504 ulteriorum
619 3453 669 3504 &a
705 3450 780 3504 Seue
795 3449 922 3522 ambigue
939 3449 1060 3522 pendent
1077 3445 1237 3501 intermedie
1252 3439 1291 3492 illa

250 3537 436 3602 praesertim
450 3551 517 3590 mam
529 3564 564 3576 -·-
574 3535 689 3599 soleos5
705 3536 889 3608 negligentiae
902 3534 1058 3588 memoriter
1073 3529 1207 3588 recitandi
1215 3527 1290 3582 Bern-

255 3613 344 3686 hardy
368 3618 470 3674 tribuit.
487 3649 522 3664 -
551 3623 716 3691 aaermsme]
740 3623 781 3676 sic
803 3620 854 3694 Lg.
879 3628 993 3692 praeter
1014 3619 1057 3674 20.
1077 3617 1136 3682 39„
1162 3615 1226 3666 item
1242 3609 1290 3664 Oli

258 3697 348 3754 eidem
372 3707 401 3753 et
425 3700 495 3758 Gusl.
514 3707 537 3760 l.
566 3707 650 3763 soles.
670 3735 706 3750 —-
737 3706 916 3780 ueqleqereo]
941 3705 981 3760 sic
1004 3701 1055 3775 bg.
1078 3702 1104 3756 8.
1128 3697 1172 3754 51.
1194 3696 1236 3752 58.
1258 3691 1290 3744 7⁰·

258 3777 316 3841 (itt.
329 3811 364 3825 —-
387 3783 474 3865 fraus
490 3805 550 3844 mou
563 3793 725 3864 pereussa]
742 3790 829 3862 fraus
841 3807 988 3866 permissa
1003 3805 1064 3844 mou
1079 3785 1132 3858 Lg.
1148 3783 1190 3838 39.
1204 3810 1238 3824 ·-
1253 3775 1290 3830 ab·
1313 3827 1314 3866 3

253 3865 327 3938 full]
345 3863 424 3940 afuit
440 3871 491 3945 Lg.
504 3875 530 3932 8.
544 3876 586 3932 51.
602 3877 644 3932 58.
658 3878 699 3932 70.
717 3908 752 3918 -
770 3877 919 3945 smuuum]
938 3874 1017 3946 quod
1033 3887 1173 3928 sommum
1189 3867 1250 3926 Par·
1262 3860 1290 3957 DJ
1313 3879 1314 3943 t

256 3959 407 4012 sonutam
424 3957 476 4014 Gn.
490 3959 513 4018 l.
542 3967 729 4020 utrumnum
747 3973 775 4018 et
789 3962 890 4018 deinde
907 3967 1070 4016 emeremus
1087 3955 1139 4026 Lg-
1149 3953 1207 4019 20„
1224 3961 1291 4003 mim·

255 4038 327 4097 festa
344 4060 425 4098 mann
442 4047 617 4106 correctoris.

324 4173 385 4230 279.
421 4181 522 4250 utque]
541 4159 688 4252 atquletl.
703 4199 745 4254 pr.
775 4179 944 4236 'l'rensitioni
960 4177 1047 4250 magis
1060 4173 1192 4231 convenit
1208 4171 1292 4236 atque,

260 4258 335 4326 quod
351 4257 418 4314 Eris.
435 4265 559 4333 reposuit
573 4265 730 4336 habentque
746 4266 796 4338 Lg.
816 4281 911 4322 omnes
928 4273 956 4318 et
973 4261 1042 4319 Veu.
1056 4261 1079 4316 Ι.
1096 4287 1131 4301 ·-
1147 4247 1292 4318 mmm]
1311 4289 1312 4310 ι
