2676 4774
134 463 137 470 ·
183 435 328 506 nauus
351 394 649 519 unoouuunruu
670 435 774 506 mou.
795 439 903 510 urso.
1011 445 1068 514 cn

51 613 141 678 llacco
161 610 250 692 gessit
266 628 293 672 a.
310 609 372 674 657
392 627 451 674 non
472 611 625 674 immonem
641 611 791 674 criminum
813 620 841 676 et
863 615 1069 679 accusationis.

51 715 203 778 anrouio
225 712 310 786 enim,
334 729 419 792 mem
439 713 588 774 tribunum
606 713 683 792 legis
700 713 898 796 sumptuariae
919 715 1069 778 tollendae

51 823 177 876 auctorem
197 820 298 876 senatu
315 821 462 887 mouerat,
485 831 553 875 rcus
576 812 612 876 de
629 814 738 874 ambitu
758 814 854 876 dactus
873 811 994 892 est(⁷¹);
1017 815 1069 878 sed

51 915 169 976 credibile
192 921 248 988 est,
279 912 358 994 quod
379 913 502 992 Pighius
524 913 609 988 dicit,
639 931 758 976 causam
779 914 885 978 dictam
912 933 971 979 non
993 933 1067 978 csse.

50 1016 213 1096 Quanquam,
237 1015 263 1076 si
284 1021 352 1095 post
368 1015 572 1093 magistratum
589 1013 756 1078 abdicatum
775 1016 806 1076 in
821 1016 959 1078 iudicium
980 1017 1068 1090 uenit,

49 1117 192 1197 plenissime
219 1115 386 1182 absolutum
414 1133 479 1178 esse
505 1115 663 1178 homnium
695 1117 781 1178 etiam
812 1117 876 1178 sine
903 1117 1068 1180 testimonio

51 1217 140 1278 clarum
159 1223 210 1278 est.
255 1215 328 1278 Cum
355 1217 430 1278 enim
458 1215 731 1297 apericlitantibus
757 1217 817 1279 reis
846 1217 944 1280 nullus
965 1226 1068 1298 patro-

50 1337 90 1380 nus
104 1317 251 1380 studiosius
269 1325 469 1398 expeteretur,
491 1335 630 1384 summam
647 1318 710 1380 cius
727 1319 758 1380 in
773 1317 841 1380 soro
859 1317 986 1397 gratiam
1003 1335 1069 1380 esse

49 1419 188 1498 oportebat.
237 1417 359 1500 Quippe.
380 1436 417 1480 ne
446 1419 578 1498 priuatas
606 1417 722 1498 quidem
751 1435 856 1480 causas
882 1418 1068 1500 repudiabat,

50 1519 206 1598 salagebat
228 1517 376 1594 studiose,
404 1537 468 1582 oum
489 1521 519 1580 in
540 1520 605 1582 iure
628 1518 708 1582 cirili
728 1519 801 1580 nihil
823 1517 976 1582 admodum
997 1539 1068 1602 pos-

49 1627 82 1680 set
95 1615 149 1697 (ῃ).
190 1618 250 1682 Sed
273 1620 377 1682 harum
398 1619 514 1700 quidem
536 1619 708 1682 tenuissima
727 1621 868 1682 memoria
888 1620 994 1682 relicta
1015 1629 1069 1697 est,

48 1736 89 1781 roc
110 1719 230 1784 fortasse
251 1719 355 1795 ullius,
383 1728 591 1801 praeterquam
617 1719 662 1782 M.
683 1719 777 1783 Marii
799 1720 976 1796 Gratidiani,
1005 1740 1069 1784 cum

50 1819 150 1882 drusus
169 1821 336 1887 contrarias
357 1829 458 1902 partes
479 1827 610 1884 tueretur
621 1814 685 1900 (⁷³).
727 1820 915 1884 Publicanum
936 1823 1070 1886 crebrior

50 1923 134 1986 mentio
161 1922 200 1984 dt.
248 1921 284 1984 ln
315 1922 381 2004 ipso
407 1923 482 1984 eninr
511 1921 665 1986 consulatu
692 1928 760 1982 acta
785 1939 876 1984 causa
905 1923 1070 1986 almissima

47 2024 79 2086 Μ’
93 2024 195 2106 Aquilii
215 2023 261 2086 M'
283 2021 332 2097 Ι·“.,
357 2022 407 2102 qui
426 2023 507 2085 hello
530 2041 594 2084 eum
614 2021 747 2100 fugitivis
770 2029 798 2082 et
819 2020 892 2084 duce
907 2024 1071 2086 Athenione

46 2125 184 2188 insicilia
213 2121 346 2186 feliciter
374 2122 507 2186 coniecto
538 2120 767 2202 repetundarum
797 2137 866 2182 rcus
895 2121 991 2183 factus
1017 2129 1070 2186 est.

46 2225 179 2289 Crininum
199 2243 267 2290 cnm
287 2225 394 2302 negari
418 2224 492 2286 nibil
512 2230 627 2304 posset,
656 2220 798 2284 Antonius
817 2219 985 2300 Hyperiden
1004 2223 1070 2284 imi-

46 2333 119 2403 tatus,
144 2329 194 2410 qui
218 2326 353 2404 Phrynes
379 2325 536 2406 impietatis
562 2340 634 2387 reae
659 2321 789 2403 papillas
817 2320 961 2384 iudicibus
987 2339 1071 2386 mon-

46 2427 143 2490 strando
180 2427 332 2490 mulierem
364 2425 543 2488 damnationi
574 2425 700 2506 eripuit,
737 2423 866 2485 tunicam
901 2441 921 2484 a
950 2431 1071 2504 pectore

46 2527 78 2590 u
95 2529 201 2609 aquus
230 2511 346 2590 discidit
374 2535 403 2590 a
431 2527 616 2590 cruentemus
648 2523 960 2611 nansciscendum
984 2525 1071 2587 foru-

47 2627 133 2691 tudinis
162 2628 333 2692 renouando
367 2628 531 2709 expressit,
563 2633 595 2687 ut
626 2625 830 2690 absolveretur
852 2619 915 2704 (Ἃ).
967 2625 1072 2687 Altera

47 2745 119 2792 causa
142 2731 263 2812 publica
288 2719 379 2807 longe
401 2729 566 2790 clarissima
587 2733 631 2787 est
653 2724 686 2788 C.
708 2727 785 2788 Iunii
804 2723 938 2786 Norbani
961 2726 1072 2786 tribuni

46 2828 130 2906 plebis.
172 2832 202 2894 ls
230 2830 387 2909 rogatione
415 2829 446 2889 in
473 2827 514 2905 Q.
533 2825 691 2890 Seruilium
714 2825 892 2904 Caepionem
917 2824 994 2897 lata,
1021 2825 1072 2903 qni

47 2946 86 2990 sua
112 2932 233 3010 ignauia
261 2931 354 2994 rictus
385 2947 405 2990 a
434 2928 562 2992 Cimbris
588 2926 701 2998 luerat,
734 2923 922 2985 adversantes
955 2931 1072 2986 senatus

47 3064 237 3080 Ἦ

47 3145 197 3207 provinciann
213 3141 367 3205 habuisset,
388 3141 534 3195 occasione
552 3136 681 3192 caruisset
697 3133 844 3188 seditiosos
861 3135 889 3188 in
906 3135 973 3190 urbe
988 3135 1073 3192 homi·

46 3241 82 3280 nes
101 3227 253 3300 frangendi.
290 3226 373 3298 Igitur
395 3223 586 3298 proconsulem
612 3221 725 3278 Ciliciae
750 3226 922 3290 quaestorem
947 3219 1073 3276 habuisse

47 3312 248 3368 existimabimus.
285 3312 368 3370 Quod
394 3330 454 3366 curn
477 3308 613 3382 praesidio
638 3306 672 3360 ab
690 3305 759 3360 urbe
773 3297 900 3359 'abfuisse
917 3305 1073 3374 Antonium,

46 3412 91 3450 oum
106 3399 269 3452 Saturninus
289 3398 392 3451 occisus
409 3397 458 3463 sit,
477 3395 575 3450 Cicero
596 3393 660 3446 dicit
678 3411 705 3464 p.
718 3389 812 3478 bisbis.
829 3389 913 3446 Perd.
929 3391 968 3457 9.,
986 3393 1073 3462 ipsum

46 3485 226 3547 proconsulare
244 3483 357 3538 Ciliciae
374 3481 513 3553 imperium
531 3486 646 3550 spectat.

99 3569 142 3638 71)
159 3569 221 3623 Val.
235 3567 312 3622 Max.
326 3565 360 3622 ll.
374 3565 407 3631 9,
425 3569 449 3621 5.
477 3566 511 3619 ef.
529 3566 584 3620 cic.
601 3563 636 3616 de
653 3558 702 3616 Or.
718 3559 750 3614 ll.
764 3559 812 3625 68,
827 3558 885 3614 275.
912 3558 944 3612 ln
960 3575 1074 3614 cessura

46 3660 119 3706 rostra
135 3655 245 3709 ornavit
261 3670 297 3706 ex
313 3652 461 3718 manubiis,
485 3651 541 3706 Cic.
560 3651 596 3704 de
615 3643 776 3711 0r.111.3‚
795 3641 836 3698 10.
890 3709 894 3720 ¹
926 3641 1073 3711 repleant.

46 3731 143 3799 5taor.
164 3739 201 3794 cr.
216 3737 250 3792 re
263 3735 311 3793 or.
324 3737 345 3792 r.
359 3737 406 3803 ae,
422 3735 478 3789 uro.
567 3733 613 3802 ra)
632 3730 686 3786 ors.
700 3725 753 3784 ou.
766 3726 810 3782 ur.
826 3727 867 3783 rc.
955 3729 998 3800 ru)
1019 3729 1074 3784 ore.

47 3815 124 3877 deor,
141 3822 173 3877 11.
183 3823 232 3890 28,
243 3823 300 3878 len.
326 3821 422 3877 Aecus.
433 3821 513 3874 Verr.
523 3818 557 3872 V.
571 3817 594 3871 l.
609 3833 636 3886 p.
646 3815 746 3869 Flacco
758 3813 801 3868 39.
825 3811 888 3869 Liv.
905 3815 967 3884 epit.
978 3813 1074 3882 Lxx„

47 3903 82 3968 qui
95 3905 250 3963 Ciceronem
267 3909 355 3962 solum
373 3907 430 3960 eius
444 3907 486 3959 rei
504 3910 644 3958 auctorem
662 3900 740 3965 dicit,
757 3897 916 3957 Quintilian.
935 3899 965 3952 ll.
986 3901 1032 3964 15,
1050 3901 1074 3952 7.

46 3985 174 4046 boemenia
190 3992 327 4062 Aquilium
345 3993 375 4047 C.
387 3988 499 4054 Fufius,
522 4005 578 4042 non
591 3985 724 4040 Lentulus
742 3984 869 4062 princeps
881 3990 1004 4047 senatus,
1027 3983 1074 4054 qni

46 4086 95 4126 tum
107 4078 198 4132 consul
214 4077 308 4138 luisset
323 4095 348 4132 a.
360 4077 427 4142 592,
444 4075 480 4130 ad
495 4073 605 4128 Antonii
617 4069 783 4126 consulatum
798 4083 823 4121 a.
832 4065 885 4120 655
900 4067 949 4120 vix
968 4067 1073 4131 vivere,

46 4157 132 4214 nedum
149 4179 244 4218 causas
261 4179 346 4235 agere
363 4147 460 4234 potuit.
495 4144 558 4214 N'ec
573 4157 682 4228 reperio
703 4170 758 4224 quo
775 4147 846 4205 teste
863 4167 927 4204 usus
940 4149 1073 4206 Ernestus

46 4235 176 4308 Lentulum
190 4249 293 4320 Aquilii
311 4255 499 4322 accusatorem
516 4245 624 4324 digerit.
660 4239 702 4326 Cf.
720 4237 776 4295 cte.
796 4233 903 4320 Odit.
922 4237 970 4320 lei,
988 4235 1038 4318 50.
