2640 4780
302 413 499 488 ananus
527 416 618 486 aar.
641 417 692 486 aa
713 417 768 490 m.
878 403 882 408 ’
966 423 1057 498 aar

37 583 153 654 fallenda
173 581 281 672 'magis
307 587 510 656 existumatar
533 587 716 656 metuendus
741 607 834 676 qnam
856 562 1057 660 admirandus
1108 641 1114 656 .

36 713 131 770 arator.

101 817 166 886 XL
188 816 259 886 147.
281 817 397 886 Verum
413 821 453 888 ad
470 820 620 890 Crassum
639 832 841 892 revertamm.
880 823 961 890 Tum
975 821 1056 892 Bru-

35 945 85 1016 tus,
112 935 176 1004 Etsi
204 939 301 1017 satis,
334 940 450 1026 inquit,
482 939 557 1007 mihi
588 941 721 1008 videbar
751 941 868 1010 habere
898 944 1056 1028 cognitum

34 1053 200 1122 Scaevolam
217 1077 257 1124 ex
278 1059 318 1122 iis
339 1057 451 1137 rebus,
473 1078 552 1146 quas
574 1059 740 1126 audiebam
763 1079 858 1148 saepe
880 1079 920 1126 ex
939 1059 974 1124 G.
990 1059 1055 1126 Ru·
1145 1064 1149 1074 '

33 1172 98 1252 tiie,
123 1193 180 1262 qua
202 1173 314 1242 utebar
334 1186 459 1264 propter
479 1177 725 1244 familiaritatem
747 1176 925 1246 Scaevolae
945 1180 1055 1256 nostri,

32 1300 115 1358 tamen
139 1293 201 1360 ista
229 1293 305 1360 mihi
334 1297 402 1362 eius
429 1293 554 1362 dicendi
579 1306 667 1364 tanta
693 1296 765 1364 iaus
791 1305 867 1364 nota
891 1316 953 1364 uon
976 1305 1054 1363 erat.

31 1405 118 1495 itaque
144 1414 213 1500 cepi
231 1411 429 1500 ,voluptatem
460 1424 524 1480 tam
552 1423 692 1482 amatum
719 1418 820 1483 virum
846 1424 971 1502 tamque
1001 1433 1056 1481 eu-

32 1525 129 1594 aellens
154 1531 316 1616 ingenium
341 1530 441 1600 tuisse
468 1533 500 1599 iu
527 1543 636 1600 nostra
660 1533 852 1622 republica
897 1531 968 1600 148.
994 1529 1055 1598 Hie

31 1663 89 1729 ega,
110 1644 196 1728 Noli,
226 1649 367 1734 inquam,
389 1647 500 1729 Brute,
530 1629 718 1718 existumare
745 1650 796 1720 his
824 1649 946 1718 duabus
967 1651 1056 1736 qnie-

31 1781 104 1848 qaam
132 1765 233 1834 fuisse
264 1768 299 1832 in
329 1776 440 1834 nostra
471 1770 597 1836 civitate
628 1771 849 1856 praestantius.
897 1787 987 1846 nam,
1022 1775 1056 1834 ut

29 1882 104 1967 paula
126 1894 196 1952 ante
221 1884 301 1963 dixi,
331 1886 541 1954 consultorum
565 1886 696 1954 alterum
718 1887 979 1963 disertissumam,
1007 1883 1056 1950 di-

30 2011 162 2070 sertamm
192 2001 326 2070 alterum
349 2003 619 2070 consultissumum
642 2003 759 2070 saissa:
789 2007 836 2070 sie
866 2005 898 2068 in
923 2002 1055 2088 reliquis

28 2118 104 2186 rebus
133 2123 179 2188 ita
206 2120 379 2187 dissimiles
399 2131 490 2188 erant
517 2123 598 2188 inter
619 2139 706 2198 sese,
734 2129 871 2185 statuere
897 2128 1056 2184 attamen

27 2253 75 2302 nan
101 2258 213 2325 posses
243 2240 343 2304 utrius
371 2247 402 2304 te
432 2238 545 2306 malles
578 2237 771 2306 similiorem.
823 2235 959 2304 Crassus
987 2245 1056 2302 erat

28 2351 198 2439 elegantiam
219 2359 447 2444 parcissamas‚
477 2354 637 2424 Scaevola
657 2374 823 2444 parcarum
844 2354 1055 2440 elegantissu-

28 2489 90 2540 nas.
131 2473 270 2542 Crassus
296 2477 329 2540 iu
351 2495 472 2542 summa
493 2477 637 2544 comitate
661 2473 799 2542 habebat
820 2475 914 2542 etiam
935 2473 1055 2544 severi·

26 2592 82 2658 tatis
96 2596 190 2673 satis,
209 2590 386 2660 Scaevolae
404 2593 501 2662 multa
514 2595 549 2660 in
565 2595 731 2662 severitate
746 2613 810 2660 nan
826 2593 934 2660 deerat
948 2601 1054 2658 tamen

27 2711 150 2778 sanitas.
195 2708 267 2779 140.
296 2707 387 2780 Licet
415 2713 521 2780 amnia
545 2709 607 2780 hae
632 2711 742 2780 made:
773 2710 832 2778 sed
855 2729 985 2792 vereor,
1013 2727 1054 2776 ne

74 2945 118 2988 117.
143 2943 237 3000 utebar]
249 2945 361 2988 utebatur.

25 3105 62 3182 ig.
77 3114 114 3169 53
127 3127 199 3168 corr.
218 3110 260 3168 58
289 3110 341 3168 Ga.
357 3112 381 3169 1.
395 3140 430 3152 —
454 3112 665 3182 eaistamatar]
681 3111 721 3168 sie
737 3110 789 3184 Lg.
806 3110 831 3168 8.
846 3108 889 3164 35.
904 3107 947 3165 08.
964 3107 1006 3164 70.
1019 3107 1054 3151 -”-

25 3198 221 3267 admirandus]
238 3196 428 3255 adndradtdt‘s
444 3196 494 3254 Gu.
512 3199 535 3254 1.

78 3334 139 3391 XL.
177 3333 235 3390 147.
271 3336 310 3388 dis
333 3333 431 3402 rebar]
455 3331 503 3388 Itis
525 3332 613 3388 rebar
635 3332 686 3406 ng.
704 3333 730 3390 8.
755 3332 798 3390 39.
818 3331 859 3388 51.
885 3329 926 3384 53.
949 3329 992 3386 56.
1010 3329 1054 3386 58.

25 3413 56 3470 08.
68 3419 108 3473 70.
130 3419 182 3474 Ga.
201 3421 222 3475 1.
234 3449 269 3459 -
286 3435 342 3489 aaa
359 3418 473 3488 atebar]
492 3418 642 3474 Gebhardti
659 3419 744 3489 (obss.
761 3419 790 3472 in
809 3419 865 3474 cic.
878 3415 957 3470 Brut.
976 3433 1002 3486 p.
1016 3415 1054 3482 5.)

26 3505 195 3558 coniecturam
211 3502 365 3558 alebamur
381 3505 502 3574 sequitur
517 3503 668 3576 Meyerm,
686 3503 857 3572 redarguitur
874 3508 964 3553 autem
981 3499 1056 3552 ciere

24 3580 97 3642 verbo
113 3589 258 3644 coniuncto
276 3585 441 3643 audiebam.
472 3587 571 3646 Orellii
585 3587 704 3657 suspicio
718 3586 831 3648 utebar,
850 3601 929 3654 quam
943 3599 1055 3654 sequor,

24 3665 133 3728 firmatur
147 3674 226 3728 codd.
243 3672 294 3744 Lg.
308 3673 349 3728 35.
364 3673 404 3728 51.
422 3671 516 3746 Oitob.
543 3674 614 3729 eea
630 3672 694 3726 libri
712 3689 768 3742 qua
782 3669 929 3726 aiebatur.
957 3669 1055 3723 Arnai·

25 3753 65 3809 dus
82 3770 108 3813 et
124 3759 277 3814 Wetuelius
301 3757 453 3814 malebant:
480 3757 616 3814 Baedro:
639 3773 697 3828 qua
718 3755 858 3811 utebatur
873 3762 965 3829 pater
983 3755 1054 3824 (Ru-

23 3838 89 3909 titii),
106 3842 354 3914 familiaritatem
369 3841 531 3899 Scaevolae
548 3846 643 3904 nostis
659 3843 797 3898 sententia
811 3841 927 3912 abrupta
942 3849 970 3895 et
983 3839 1055 3894 male

23 3937 92 3983 uera
108 3960 145 3970 —
161 3927 327 3985 scaevolae
343 3930 452 3998 nostri]
469 3930 525 3986 inv.
543 3928 595 3999 hg.
612 3927 656 3983 80.

83 4064 140 4120 148.
166 4066 346 4137 ¹qaia-quam]
364 4065 404 4122 sic
420 4065 500 4121 eadd.
518 4043 628 4131 omnem
644 4081 673 4120 v.
687 4062 792 4119 Gomm.
807 4058 853 4114 Gr.
873 4059 902 4112 in
918 4057 953 4112 de
967 4053 1017 4112 Or.
1032 4055 1054 4110 1.

24 4141 50 4210 8,
64 4146 103 4206 30.
120 4179 156 4190 -
175 4153 399 4224 paretseamas]
420 4154 636 4226 paratissimas
658 4147 710 4222 ug.
724 4147 766 4204 70.
782 4175 818 4189 -
842 4146 934 4202 ettam
951 4143 1055 4198 seam·

25 4232 97 4303 000]
115 4235 170 4296 iau.
189 4237 233 4298 ed
248 4254 291 4312 pr.
