<?xml version="1.0" encoding="UTF-8"?>
<!DOCTYPE html PUBLIC "-//W3C//DTD XHTML 1.0 Transitional//EN"
    "http://www.w3.org/TR/xhtml1/DTD/xhtml1-transitional.dtd">
<html xmlns="http://www.w3.org/1999/xhtml" xml:lang="en" lang="en">
 <head>
  <title>
</title>
<meta http-equiv="Content-Type" content="text/html;charset=utf-8" />
  <meta name='ocr-system' content='tesseract 3.04.00' />
  <meta name='ocr-capabilities' content='ocr_page ocr_carea ocr_par ocr_line ocrx_word'/>
</head>
<body>
  <div class='ocr_page' id='page_1' title='image "./brutussivedecla00cicegoog/brutussivedecla00cicegoog_0155.png"; bbox 0 0 2690 4780; ppageno 0'>
   <div class='ocr_carea' id='block_1_1' title="bbox 182 443 1074 528">
    <p class='ocr_par' dir='ltr' id='par_1_1' title="bbox 182 443 1074 528">
     <span class='ocr_line' id='line_1_1' title="bbox 182 443 1074 528; baseline 0.016 -14"><span class='ocrx_word' id='word_1_1' title='bbox 182 443 337 514; x_wconf 83' lang='lat' dir='ltr'>BREVlS</span> <span class='ocrx_word' id='word_1_2' title='bbox 357 443 656 528; x_wconf 80' lang='lat' dir='ltr'>ELOQUENTIAE</span> <span class='ocrx_word' id='word_1_3' title='bbox 678 445 784 517; x_wconf 84' lang='lat' dir='ltr'>ROM.</span> <span class='ocrx_word' id='word_1_4' title='bbox 803 446 912 517; x_wconf 84' lang='lat' dir='ltr'>HIST.</span> <span class='ocrx_word' id='word_1_5' title='bbox 993 455 1074 528; x_wconf 73' lang='lat'>181</span> 
     </span>
    </p>
   </div>
   <div class='ocr_carea' id='block_1_2' title="bbox 16 617 1078 2117">
    <p class='ocr_par' dir='ltr' id='par_1_2' title="bbox 16 617 1078 2117">
     <span class='ocr_line' id='line_1_2' title="bbox 17 617 1074 708; baseline 0.003 -26"><span class='ocrx_word' id='word_1_6' title='bbox 17 618 101 703; x_wconf 82' lang='lat' dir='ltr'>quod</span> <span class='ocrx_word' id='word_1_7' title='bbox 127 635 215 682; x_wconf 89' lang='lat' dir='ltr'>nemo</span> <span class='ocrx_word' id='word_1_8' title='bbox 243 617 323 682; x_wconf 83' lang='lat' dir='ltr'>ritae</span> <span class='ocrx_word' id='word_1_9' title='bbox 351 617 414 680; x_wconf 87' lang='lat' dir='ltr'>eius</span> <span class='ocrx_word' id='word_1_10' title='bbox 442 618 626 682; x_wconf 77' lang='lat' dir='ltr'><strong>sanctitatem</strong></span> <span class='ocrx_word' id='word_1_11' title='bbox 649 618 682 686; x_wconf 90' lang='lat' dir='ltr'>in</span> <span class='ocrx_word' id='word_1_12' title='bbox 709 617 828 684; x_wconf 80' lang='lat' dir='ltr'>dttbiunr</span> <span class='ocrx_word' id='word_1_13' title='bbox 849 638 959 685; x_wconf 77' lang='lat' dir='ltr'>vocure</span> <span class='ocrx_word' id='word_1_14' title='bbox 986 641 1074 708; x_wconf 79' lang='lat' dir='ltr'>ausus</span> 
     </span>
     <span class='ocr_line' id='line_1_3' title="bbox 17 718 1075 802; baseline 0.004 -18"><span class='ocrx_word' id='word_1_15' title='bbox 17 729 78 796; x_wconf 90' lang='lat' dir='ltr'>est,</span> <span class='ocrx_word' id='word_1_16' title='bbox 101 721 159 783; x_wconf 89' lang='lat' dir='ltr'>etsi</span> <span class='ocrx_word' id='word_1_17' title='bbox 177 737 290 781; x_wconf 82' lang='lat' dir='ltr'>sumnus</span> <span class='ocrx_word' id='word_1_18' title='bbox 307 718 423 782; x_wconf 91' lang='lat' dir='ltr'>dicendi</span> <span class='ocrx_word' id='word_1_19' title='bbox 439 719 577 783; x_wconf 90' lang='lat' dir='ltr'>libertate</span> <span class='ocrx_word' id='word_1_20' title='bbox 598 721 630 782; x_wconf 91' lang='lat' dir='ltr'>in</span> <span class='ocrx_word' id='word_1_21' title='bbox 645 721 913 802; x_wconf 84' lang='lat' dir='ltr'>potentissimorum</span> <span class='ocrx_word' id='word_1_22' title='bbox 927 723 1075 788; x_wconf 86' lang='lat' dir='ltr'>bominum</span> 
     </span>
     <span class='ocr_line' id='line_1_4' title="bbox 18 821 1076 896; baseline 0.004 -11"><span class='ocrx_word' id='word_1_23' title='bbox 18 822 91 886; x_wconf 88' lang='lat' dir='ltr'>odia</span> <span class='ocrx_word' id='word_1_24' title='bbox 118 821 297 896; x_wconf 81' lang='lat' dir='ltr'>incucurrit,</span> <span class='ocrx_word' id='word_1_25' title='bbox 323 827 383 882; x_wconf 86' lang='lat' dir='ltr'>tum</span> <span class='ocrx_word' id='word_1_26' title='bbox 405 838 443 883; x_wconf 86' lang='lat' dir='ltr'>ex</span> <span class='ocrx_word' id='word_1_27' title='bbox 461 821 577 887; x_wconf 85' lang='lat' dir='ltr'>Valerii</span> <span class='ocrx_word' id='word_1_28' title='bbox 591 821 722 885; x_wconf 83' lang='lat' dir='ltr'>Maximi</span> <span class='ocrx_word' id='word_1_29' title='bbox 743 830 772 886; x_wconf 92' lang='lat' dir='ltr'>et</span> <span class='ocrx_word' id='word_1_30' title='bbox 791 823 883 886; x_wconf 87' lang='lat' dir='ltr'>Plinii</span> <span class='ocrx_word' id='word_1_31' title='bbox 902 825 1076 888; x_wconf 83' lang='lat' dir='ltr'>testimoniis</span> 
     </span>
     <span class='ocr_line' id='line_1_5' title="bbox 17 917 1076 1004; baseline 0.001 -17"><span class='ocrx_word' id='word_1_32' title='bbox 17 924 201 1002; x_wconf 77' lang='lat' dir='ltr'>intelligitur</span> <span class='ocrx_word' id='word_1_33' title='bbox 221 917 285 1001; x_wconf 81' lang='lat'>(⁴⁸).</span> <span class='ocrx_word' id='word_1_34' title='bbox 328 921 404 984; x_wconf 85' lang='lat' dir='ltr'>Nam</span> <span class='ocrx_word' id='word_1_35' title='bbox 431 921 511 1003; x_wconf 84' lang='lat' dir='ltr'>qnod</span> <span class='ocrx_word' id='word_1_36' title='bbox 540 941 643 986; x_wconf 79' lang='lat' dir='ltr'>uersus</span> <span class='ocrx_word' id='word_1_37' title='bbox 671 923 763 1004; x_wconf 88' lang='lat' dir='ltr'>paulo</span> <span class='ocrx_word' id='word_1_38' title='bbox 793 924 967 988; x_wconf 73' lang='lat' dir='ltr'>lasciviores</span> <span class='ocrx_word' id='word_1_39' title='bbox 996 925 1076 1001; x_wconf 85' lang='lat' dir='ltr'>lecit,</span> 
     </span>
     <span class='ocr_line' id='line_1_6' title="bbox 19 1023 1075 1107; baseline 0.004 -19"><span class='ocrx_word' id='word_1_40' title='bbox 19 1045 83 1088; x_wconf 87' lang='lat' dir='ltr'>cun</span> <span class='ocrx_word' id='word_1_41' title='bbox 112 1025 188 1088; x_wconf 79' lang='lat' dir='ltr'>ciris</span> <span class='ocrx_word' id='word_1_42' title='bbox 218 1023 401 1102; x_wconf 76' lang='lat' dir='ltr'>grauissimis</span> <span class='ocrx_word' id='word_1_43' title='bbox 423 1023 459 1101; x_wconf 80' lang='lat' dir='ltr'>Q.</span> <span class='ocrx_word' id='word_1_44' title='bbox 480 1023 629 1088; x_wconf 78' lang='lat' dir='ltr'>Scaevola</span> <span class='ocrx_word' id='word_1_45' title='bbox 660 1023 696 1100; x_wconf 83' lang='lat' dir='ltr'>Q.</span> <span class='ocrx_word' id='word_1_46' title='bbox 721 1023 828 1088; x_wconf 87' lang='lat' dir='ltr'>Gatulo</span> <span class='ocrx_word' id='word_1_47' title='bbox 856 1025 923 1088; x_wconf 87' lang='lat' dir='ltr'>Ser.</span> <span class='ocrx_word' id='word_1_48' title='bbox 941 1026 1075 1107; x_wconf 87' lang='lat' dir='ltr'>Sulpicio</span> 
     </span>
     <span class='ocr_line' id='line_1_7' title="bbox 20 1125 1075 1204; baseline -0.001 -13"><span class='ocrx_word' id='word_1_49' title='bbox 20 1128 53 1191; x_wconf 83' lang='lat' dir='ltr'>G.</span> <span class='ocrx_word' id='word_1_50' title='bbox 69 1127 174 1190; x_wconf 85' lang='lat' dir='ltr'>Plinio</span> <span class='ocrx_word' id='word_1_51' title='bbox 196 1125 265 1186; x_wconf 88' lang='lat' dir='ltr'>aliis</span> <span class='ocrx_word' id='word_1_52' title='bbox 287 1125 315 1186; x_wconf 90' lang='lat' dir='ltr'>ei</span> <span class='ocrx_word' id='word_1_53' title='bbox 336 1143 487 1188; x_wconf 88' lang='lat' dir='ltr'>conrnune</span> <span class='ocrx_word' id='word_1_54' title='bbox 508 1132 566 1188; x_wconf 89' lang='lat' dir='ltr'>est:</span> <span class='ocrx_word' id='word_1_55' title='bbox 590 1142 644 1186; x_wconf 92' lang='lat' dir='ltr'>neu</span> <span class='ocrx_word' id='word_1_56' title='bbox 664 1126 760 1204; x_wconf 79' lang='lat' dir='ltr'>inagis</span> <span class='ocrx_word' id='word_1_57' title='bbox 777 1125 938 1201; x_wconf 81' lang='lat' dir='ltr'>Quintiliae</span> <span class='ocrx_word' id='word_1_58' title='bbox 959 1145 1075 1190; x_wconf 87' lang='lat' dir='ltr'>amores</span> 
     </span>
     <span class='ocr_line' id='line_1_8' title="bbox 20 1225 1075 1309; baseline 0 -19"><span class='ocrx_word' id='word_1_59' title='bbox 20 1227 222 1309; x_wconf 78' lang='lat' dir='ltr'>culpabimus,</span> <span class='ocrx_word' id='word_1_60' title='bbox 247 1227 381 1306; x_wconf 86' lang='lat' dir='ltr'>quanin</span> <span class='ocrx_word' id='word_1_61' title='bbox 398 1226 519 1289; x_wconf 85' lang='lat' dir='ltr'>Tibullo</span> <span class='ocrx_word' id='word_1_62' title='bbox 536 1225 656 1302; x_wconf 88' lang='lat' dir='ltr'>Deliae,</span> <span class='ocrx_word' id='word_1_63' title='bbox 680 1227 732 1308; x_wconf 87' lang='lat' dir='ltr'>qni</span> <span class='ocrx_word' id='word_1_64' title='bbox 748 1227 874 1290; x_wconf 86' lang='lat' dir='ltr'>sciamus</span> <span class='ocrx_word' id='word_1_65' title='bbox 890 1245 928 1290; x_wconf 93' lang='lat' dir='ltr'>ne</span> <span class='ocrx_word' id='word_1_66' title='bbox 946 1247 965 1290; x_wconf 94' lang='lat' dir='ltr'>a</span> <span class='ocrx_word' id='word_1_67' title='bbox 980 1246 1075 1292; x_wconf 84' lang='lat' dir='ltr'>nuere·</span> 
     </span>
     <span class='ocr_line' id='line_1_9' title="bbox 16 1326 1076 1410; baseline 0.002 -19"><span class='ocrx_word' id='word_1_68' title='bbox 16 1331 112 1391; x_wconf 89' lang='lat' dir='ltr'>triciis</span> <span class='ocrx_word' id='word_1_69' title='bbox 136 1327 255 1410; x_wconf 78' lang='lat' dir='ltr'>quidem</span> <span class='ocrx_word' id='word_1_70' title='bbox 273 1327 422 1390; x_wconf 82' lang='lat' dir='ltr'>umoribus</span> <span class='ocrx_word' id='word_1_71' title='bbox 438 1334 506 1388; x_wconf 91' lang='lat' dir='ltr'>tunc</span> <span class='ocrx_word' id='word_1_72' title='bbox 521 1326 706 1390; x_wconf 85' lang='lat' dir='ltr'>interdictum</span> <span class='ocrx_word' id='word_1_73' title='bbox 720 1327 814 1390; x_wconf 87' lang='lat' dir='ltr'>fnisse</span> <span class='ocrx_word' id='word_1_74' title='bbox 830 1326 1076 1394; x_wconf 72' lang='lat' dir='ltr'>adolescentibus.</span> 
     </span>
     <span class='ocr_line' id='line_1_10' title="bbox 18 1427 1076 1512; baseline 0 -17"><span class='ocrx_word' id='word_1_75' title='bbox 18 1430 79 1495; x_wconf 83' lang='lat' dir='ltr'>Sed</span> <span class='ocrx_word' id='word_1_76' title='bbox 107 1429 164 1491; x_wconf 88' lang='lat' dir='ltr'>ille</span> <span class='ocrx_word' id='word_1_77' title='bbox 192 1427 374 1490; x_wconf 86' lang='lat' dir='ltr'>liberrimum</span> <span class='ocrx_word' id='word_1_78' title='bbox 399 1428 479 1494; x_wconf 77' lang='lat' dir='ltr'>ritus</span> <span class='ocrx_word' id='word_1_79' title='bbox 507 1445 600 1506; x_wconf 83' lang='lat' dir='ltr'>genus</span> <span class='ocrx_word' id='word_1_80' title='bbox 623 1429 776 1512; x_wconf 84' lang='lat' dir='ltr'>amplexus</span> <span class='ocrx_word' id='word_1_81' title='bbox 797 1437 866 1512; x_wconf 87' lang='lat' dir='ltr'>post</span> <span class='ocrx_word' id='word_1_82' title='bbox 887 1438 1076 1512; x_wconf 73' lang='lat' dir='ltr'>pumturum</span> 
     </span>
     <span class='ocr_line' id='line_1_11' title="bbox 18 1529 1077 1610; baseline 0.003 -17"><span class='ocrx_word' id='word_1_83' title='bbox 18 1533 215 1610; x_wconf 79' lang='lat' dir='ltr'>magistratus</span> <span class='ocrx_word' id='word_1_84' title='bbox 236 1546 295 1590; x_wconf 92' lang='lat' dir='ltr'>non</span> <span class='ocrx_word' id='word_1_85' title='bbox 316 1529 436 1610; x_wconf 84' lang='lat' dir='ltr'>petiuit,</span> <span class='ocrx_word' id='word_1_86' title='bbox 462 1529 515 1592; x_wconf 90' lang='lat' dir='ltr'>sed</span> <span class='ocrx_word' id='word_1_87' title='bbox 540 1546 605 1592; x_wconf 88' lang='lat' dir='ltr'>cum</span> <span class='ocrx_word' id='word_1_88' title='bbox 630 1531 762 1596; x_wconf 87' lang='lat' dir='ltr'>omnibus</span> <span class='ocrx_word' id='word_1_89' title='bbox 783 1530 996 1596; x_wconf 78' lang='lat' dir='ltr'>familiaritatis</span> <span class='ocrx_word' id='word_1_90' title='bbox 1019 1549 1077 1596; x_wconf 83' lang='lat' dir='ltr'>nou</span> 
     </span>
     <span class='ocr_line' id='line_1_12' title="bbox 20 1631 1076 1713; baseline 0.001 -18"><span class='ocrx_word' id='word_1_91' title='bbox 20 1635 212 1707; x_wconf 89' lang='lat' dir='ltr'>coniunctus,</span> <span class='ocrx_word' id='word_1_92' title='bbox 235 1631 287 1710; x_wconf 89' lang='lat' dir='ltr'>qui</span> <span class='ocrx_word' id='word_1_93' title='bbox 308 1647 344 1692; x_wconf 93' lang='lat' dir='ltr'>eu</span> <span class='ocrx_word' id='word_1_94' title='bbox 360 1637 493 1712; x_wconf 86' lang='lat' dir='ltr'>tempore</span> <span class='ocrx_word' id='word_1_95' title='bbox 514 1631 615 1709; x_wconf 81' lang='lat' dir='ltr'>gratia</span> <span class='ocrx_word' id='word_1_96' title='bbox 634 1639 687 1694; x_wconf 87' lang='lat' dir='ltr'>aut</span> <span class='ocrx_word' id='word_1_97' title='bbox 704 1631 848 1712; x_wconf 79' lang='lat' dir='ltr'>dignitate</span> <span class='ocrx_word' id='word_1_98' title='bbox 868 1633 945 1696; x_wconf 91' lang='lat' dir='ltr'>inter</span> <span class='ocrx_word' id='word_1_99' title='bbox 963 1651 1076 1713; x_wconf 65' lang='grc' dir='ltr'>ηοω·</span> 
     </span>
     <span class='ocr_line' id='line_1_13' title="bbox 18 1730 1078 1814; baseline -0.001 -19"><span class='ocrx_word' id='word_1_100' title='bbox 18 1733 60 1795; x_wconf 89' lang='lat' dir='ltr'>les</span> <span class='ocrx_word' id='word_1_101' title='bbox 83 1732 298 1814; x_wconf 85' lang='lat' dir='ltr'>praestabant,</span> <span class='ocrx_word' id='word_1_102' title='bbox 327 1732 425 1793; x_wconf 88' lang='lat' dir='ltr'>causis</span> <span class='ocrx_word' id='word_1_103' title='bbox 447 1730 577 1794; x_wconf 88' lang='lat' dir='ltr'>dicendis</span> <span class='ocrx_word' id='word_1_104' title='bbox 597 1732 743 1814; x_wconf 86' lang='lat' dir='ltr'>malisque</span> <span class='ocrx_word' id='word_1_105' title='bbox 765 1733 878 1798; x_wconf 83' lang='lat' dir='ltr'>uiribus</span> <span class='ocrx_word' id='word_1_106' title='bbox 898 1732 1078 1796; x_wconf 75' lang='lat' dir='ltr'>insectandis</span> 
     </span>
     <span class='ocr_line' id='line_1_14' title="bbox 21 1831 1076 1916; baseline 0 -19"><span class='ocrx_word' id='word_1_107' title='bbox 21 1852 145 1916; x_wconf 87' lang='lat' dir='ltr'>operam</span> <span class='ocrx_word' id='word_1_108' title='bbox 167 1831 262 1894; x_wconf 75' lang='lat' dir='ltr'>deoc:</span> <span class='ocrx_word' id='word_1_109' title='bbox 290 1831 370 1913; x_wconf 82' lang='lat' dir='ltr'>quod</span> <span class='ocrx_word' id='word_1_110' title='bbox 398 1831 560 1894; x_wconf 84' lang='lat' dir='ltr'>institutum</span> <span class='ocrx_word' id='word_1_111' title='bbox 585 1850 620 1896; x_wconf 91' lang='lat' dir='ltr'>eo</span> <span class='ocrx_word' id='word_1_112' title='bbox 647 1833 829 1896; x_wconf 85' lang='lat' dir='ltr'>laudabilius</span> <span class='ocrx_word' id='word_1_113' title='bbox 855 1833 989 1911; x_wconf 81' lang='lat' dir='ltr'>uidetur,</span> <span class='ocrx_word' id='word_1_114' title='bbox 1016 1851 1076 1916; x_wconf 84' lang='lat' dir='ltr'>quo</span> 
     </span>
     <span class='ocr_line' id='line_1_15' title="bbox 20 1933 1077 2016; baseline -0.001 -19"><span class='ocrx_word' id='word_1_115' title='bbox 20 1937 117 2015; x_wconf 83' lang='lat' dir='ltr'>uagis</span> <span class='ocrx_word' id='word_1_116' title='bbox 139 1933 271 1996; x_wconf 88' lang='lat' dir='ltr'>distabat</span> <span class='ocrx_word' id='word_1_117' title='bbox 299 1933 337 1994; x_wconf 90' lang='lat' dir='ltr'>ab</span> <span class='ocrx_word' id='word_1_118' title='bbox 360 1949 461 1996; x_wconf 87' lang='lat' dir='ltr'>eorum</span> <span class='ocrx_word' id='word_1_119' title='bbox 481 1933 559 2008; x_wconf 81' lang='lat' dir='ltr'>ritu,</span> <span class='ocrx_word' id='word_1_120' title='bbox 586 1935 638 2014; x_wconf 73' lang='lat' dir='ltr'>qui</span> <span class='ocrx_word' id='word_1_121' title='bbox 662 1933 767 2016; x_wconf 91' lang='lat' dir='ltr'>populi</span> <span class='ocrx_word' id='word_1_122' title='bbox 788 1953 892 1996; x_wconf 87' lang='lat' dir='ltr'>auram</span> <span class='ocrx_word' id='word_1_123' title='bbox 919 1942 971 1996; x_wconf 89' lang='lat' dir='ltr'>ant</span> <span class='ocrx_word' id='word_1_124' title='bbox 993 1936 1077 2016; x_wconf 86' lang='lat' dir='ltr'>prin·</span> 
     </span>
     <span class='ocr_line' id='line_1_16' title="bbox 21 2033 1078 2117; baseline -0.003 -19"><span class='ocrx_word' id='word_1_125' title='bbox 21 2037 118 2117; x_wconf 84' lang='lat' dir='ltr'>cipum</span> <span class='ocrx_word' id='word_1_126' title='bbox 138 2035 273 2100; x_wconf 78' lang='lat' dir='ltr'>virorum</span> <span class='ocrx_word' id='word_1_127' title='bbox 292 2033 451 2096; x_wconf 85' lang='lat' dir='ltr'>amicitiam</span> <span class='ocrx_word' id='word_1_128' title='bbox 472 2040 647 2114; x_wconf 86' lang='lat' dir='ltr'>quaerentes</span> <span class='ocrx_word' id='word_1_129' title='bbox 663 2037 809 2098; x_wconf 87' lang='lat' dir='ltr'>bonorum</span> <span class='ocrx_word' id='word_1_130' title='bbox 828 2034 907 2096; x_wconf 72' lang='lat' dir='ltr'>darn</span> <span class='ocrx_word' id='word_1_131' title='bbox 926 2033 1078 2112; x_wconf 80' lang='lat' dir='ltr'>ingredie-</span> 
     </span>
    </p>
   </div>
   <div class='ocr_carea' id='block_1_3' title="bbox 20 2132 1180 2220">
    <p class='ocr_par' dir='ltr' id='par_1_3' title="bbox 20 2132 1180 2220">
     <span class='ocr_line' id='line_1_17' title="bbox 20 2132 1180 2220; baseline 0 -22"><span class='ocrx_word' id='word_1_132' title='bbox 20 2137 140 2200; x_wconf 87' lang='lat' dir='ltr'>bantur.</span> <span class='ocrx_word' id='word_1_133' title='bbox 175 2133 249 2198; x_wconf 83' lang='lat' dir='ltr'>(lun</span> <span class='ocrx_word' id='word_1_134' title='bbox 265 2135 418 2198; x_wconf 86' lang='lat' dir='ltr'>liberrima</span> <span class='ocrx_word' id='word_1_135' title='bbox 438 2133 582 2215; x_wconf 84' lang='lat' dir='ltr'>loquendi</span> <span class='ocrx_word' id='word_1_136' title='bbox 595 2134 724 2198; x_wconf 83' lang='lat' dir='ltr'>undacia</span> <span class='ocrx_word' id='word_1_137' title='bbox 744 2135 774 2197; x_wconf 82' lang='lat' dir='ltr'>et</span> <span class='ocrx_word' id='word_1_138' title='bbox 785 2133 974 2198; x_wconf 73' lang='lat' dir='ltr'>facetissimis</span> <span class='ocrx_word' id='word_1_139' title='bbox 992 2132 1078 2198; x_wconf 88' lang='lat' dir='ltr'>dictis</span> <span class='ocrx_word' id='word_1_140' title='bbox 1178 2215 1180 2220; x_wconf 15' lang='lat' dir='ltr'><em>A</em></span> 
     </span>
    </p>
   </div>
   <div class='ocr_carea' id='block_1_4' title="bbox 20 2233 1140 3428">
    <p class='ocr_par' dir='ltr' id='par_1_4' title="bbox 20 2233 1140 3428">
     <span class='ocr_line' id='line_1_18' title="bbox 21 2233 1080 2320; baseline 0 -22"><span class='ocrx_word' id='word_1_141' title='bbox 21 2238 147 2316; x_wconf 81' lang='lat' dir='ltr'>insignis</span> <span class='ocrx_word' id='word_1_142' title='bbox 172 2243 265 2316; x_wconf 86' lang='lat' dir='ltr'>esset,</span> <span class='ocrx_word' id='word_1_143' title='bbox 288 2254 326 2299; x_wconf 92' lang='lat' dir='ltr'>ne</span> <span class='ocrx_word' id='word_1_144' title='bbox 349 2235 617 2318; x_wconf 85' lang='lat' dir='ltr'>potentissimorum</span> <span class='ocrx_word' id='word_1_145' title='bbox 638 2236 755 2320; x_wconf 82' lang='lat' dir='ltr'>quidem</span> <span class='ocrx_word' id='word_1_146' title='bbox 776 2235 945 2300; x_wconf 66' lang='lat' dir='ltr'>suadentis</span> <span class='ocrx_word' id='word_1_147' title='bbox 972 2233 1080 2298; x_wconf 88' lang='lat' dir='ltr'>adduci</span> 
     </span>
     <span class='ocr_line' id='line_1_19' title="bbox 20 2335 1140 2418; baseline -0.004 -18"><span class='ocrx_word' id='word_1_148' title='bbox 20 2340 133 2418; x_wconf 89' lang='lat' dir='ltr'>potuit,</span> <span class='ocrx_word' id='word_1_149' title='bbox 156 2343 191 2400; x_wconf 88' lang='lat' dir='ltr'>ut</span> <span class='ocrx_word' id='word_1_150' title='bbox 210 2336 389 2400; x_wconf 79' lang='lat' dir='ltr'>celsissimus</span> <span class='ocrx_word' id='word_1_151' title='bbox 410 2355 511 2400; x_wconf 86' lang='lat' dir='ltr'>eorum</span> <span class='ocrx_word' id='word_1_152' title='bbox 531 2338 777 2418; x_wconf 83' lang='lat' dir='ltr'>reprehensiones</span> <span class='ocrx_word' id='word_1_153' title='bbox 798 2337 970 2402; x_wconf 72' lang='lat' dir='ltr'>wndneret.</span> <span class='ocrx_word' id='word_1_154' title='bbox 1001 2335 1078 2402; x_wconf 79' lang='lat' dir='ltr'>Nare</span> <span class='ocrx_word' id='word_1_155' title='bbox 1134 2391 1140 2396; x_wconf 87' lang='lat'>.</span> 
     </span>
     <span class='ocr_line' id='line_1_20' title="bbox 22 2437 1079 2521; baseline 0.001 -20"><span class='ocrx_word' id='word_1_156' title='bbox 22 2448 47 2501; x_wconf 94' lang='lat' dir='ltr'>et</span> <span class='ocrx_word' id='word_1_157' title='bbox 76 2439 134 2503; x_wconf 87' lang='lat' dir='ltr'>Gn.</span> <span class='ocrx_word' id='word_1_158' title='bbox 164 2439 337 2521; x_wconf 86' lang='lat' dir='ltr'>Pompeium</span> <span class='ocrx_word' id='word_1_159' title='bbox 368 2446 397 2500; x_wconf 91' lang='lat' dir='ltr'>et</span> <span class='ocrx_word' id='word_1_160' title='bbox 430 2437 463 2502; x_wconf 85' lang='lat' dir='ltr'>G.</span> <span class='ocrx_word' id='word_1_161' title='bbox 491 2437 651 2504; x_wconf 80' lang='lat' dir='ltr'>Gaesarem</span> <span class='ocrx_word' id='word_1_162' title='bbox 680 2439 910 2504; x_wconf 86' lang='lat' dir='ltr'>mordacissimis</span> <span class='ocrx_word' id='word_1_163' title='bbox 942 2437 1079 2502; x_wconf 83' lang='lat' dir='ltr'>uersibus</span> 
     </span>
     <span class='ocr_line' id='line_1_21' title="bbox 21 2539 1079 2624; baseline 0.001 -21"><span class='ocrx_word' id='word_1_164' title='bbox 21 2539 171 2621; x_wconf 78' lang='lat' dir='ltr'>proscidit</span> <span class='ocrx_word' id='word_1_165' title='bbox 200 2547 230 2602; x_wconf 89' lang='lat' dir='ltr'>et</span> <span class='ocrx_word' id='word_1_166' title='bbox 258 2540 358 2622; x_wconf 88' lang='lat' dir='ltr'>palan</span> <span class='ocrx_word' id='word_1_167' title='bbox 386 2541 545 2604; x_wconf 75' lang='lat' dir='ltr'>insectatus</span> <span class='ocrx_word' id='word_1_168' title='bbox 567 2548 612 2604; x_wconf 87' lang='lat' dir='ltr'>est</span> <span class='ocrx_word' id='word_1_169' title='bbox 633 2560 708 2624; x_wconf 78' lang='lat' dir='ltr'>quos</span> <span class='ocrx_word' id='word_1_170' title='bbox 733 2542 796 2606; x_wconf 92' lang='lat' dir='ltr'>illis</span> <span class='ocrx_word' id='word_1_171' title='bbox 818 2546 955 2622; x_wconf 88' lang='lat' dir='ltr'>acceptos</span> <span class='ocrx_word' id='word_1_172' title='bbox 980 2540 1079 2604; x_wconf 88' lang='lat' dir='ltr'>sciret.</span> 
     </span>
     <span class='ocr_line' id='line_1_22' title="bbox 24 2639 1081 2726; baseline -0.002 -22"><span class='ocrx_word' id='word_1_173' title='bbox 24 2643 152 2704; x_wconf 76' lang='lat' dir='ltr'>Caesari</span> <span class='ocrx_word' id='word_1_174' title='bbox 170 2648 270 2702; x_wconf 85' lang='lat' dir='ltr'>tamen</span> <span class='ocrx_word' id='word_1_175' title='bbox 291 2648 398 2722; x_wconf 84' lang='lat' dir='ltr'>postea</span> <span class='ocrx_word' id='word_1_176' title='bbox 417 2639 590 2704; x_wconf 89' lang='lat' dir='ltr'>conciliatus</span> <span class='ocrx_word' id='word_1_177' title='bbox 612 2650 657 2704; x_wconf 90' lang='lat' dir='ltr'>est</span> <span class='ocrx_word' id='word_1_178' title='bbox 676 2644 743 2726; x_wconf 90' lang='lat' dir='ltr'>ipso</span> <span class='ocrx_word' id='word_1_179' title='bbox 766 2643 911 2706; x_wconf 77' lang='lat' dir='ltr'>dictatore</span> <span class='ocrx_word' id='word_1_180' title='bbox 930 2641 1081 2704; x_wconf 83' lang='lat' dir='ltr'>bominum</span> 
     </span>
     <span class='ocr_line' id='line_1_23' title="bbox 23 2735 1080 2820; baseline -0.002 -16"><span class='ocrx_word' id='word_1_181' title='bbox 23 2745 152 2806; x_wconf 86' lang='lat' dir='ltr'>omnium</span> <span class='ocrx_word' id='word_1_182' title='bbox 167 2741 379 2804; x_wconf 88' lang='lat' dir='ltr'>liberalissimo</span> <span class='ocrx_word' id='word_1_183' title='bbox 398 2741 553 2820; x_wconf 81' lang='lat' dir='ltr'>invitante,</span> <span class='ocrx_word' id='word_1_184' title='bbox 569 2749 602 2806; x_wconf 90' lang='lat' dir='ltr'>ut</span> <span class='ocrx_word' id='word_1_185' title='bbox 619 2745 722 2806; x_wconf 83' lang='lat' dir='ltr'>scribit</span> <span class='ocrx_word' id='word_1_186' title='bbox 738 2743 897 2808; x_wconf 84' lang='lat' dir='ltr'>Suetonius</span> <span class='ocrx_word' id='word_1_187' title='bbox 907 2735 974 2820; x_wconf 82' lang='lat'>(⁴⁹).</span> <span class='ocrx_word' id='word_1_188' title='bbox 1004 2741 1080 2803; x_wconf 84' lang='lat' dir='ltr'>llinc</span> 
     </span>
     <span class='ocr_line' id='line_1_24' title="bbox 24 2837 1082 2925; baseline 0 -23"><span class='ocrx_word' id='word_1_189' title='bbox 24 2843 112 2903; x_wconf 86' lang='lat' dir='ltr'>etiam</span> <span class='ocrx_word' id='word_1_190' title='bbox 140 2859 203 2904; x_wconf 88' lang='lat' dir='ltr'>non</span> <span class='ocrx_word' id='word_1_191' title='bbox 228 2849 296 2904; x_wconf 86' lang='lat' dir='ltr'>aute</span> <span class='ocrx_word' id='word_1_192' title='bbox 318 2861 427 2904; x_wconf 86' lang='lat' dir='ltr'>anuum</span> <span class='ocrx_word' id='word_1_193' title='bbox 445 2845 507 2906; x_wconf 83' lang='lat'>707</span> <span class='ocrx_word' id='word_1_194' title='bbox 533 2850 679 2906; x_wconf 82' lang='lat' dir='ltr'>nortuum</span> <span class='ocrx_word' id='word_1_195' title='bbox 700 2861 767 2906; x_wconf 88' lang='lat' dir='ltr'>esse</span> <span class='ocrx_word' id='word_1_196' title='bbox 786 2840 977 2925; x_wconf 86' lang='lat' dir='ltr'>perspicitur.</span> <span class='ocrx_word' id='word_1_197' title='bbox 1017 2837 1082 2902; x_wconf 86' lang='lat' dir='ltr'>Sed</span> 
     </span>
     <span class='ocr_line' id='line_1_25' title="bbox 24 2933 1083 3024; baseline -0.003 -22"><span class='ocrx_word' id='word_1_198' title='bbox 24 2941 154 3024; x_wconf 86' lang='lat' dir='ltr'>epistola</span> <span class='ocrx_word' id='word_1_199' title='bbox 176 2941 330 3006; x_wconf 84' lang='lat' dir='ltr'>Ciceronis</span> <span class='ocrx_word' id='word_1_200' title='bbox 350 2943 391 3006; x_wconf 89' lang='lat' dir='ltr'>ad</span> <span class='ocrx_word' id='word_1_201' title='bbox 412 2944 593 3006; x_wconf 81' lang='lat' dir='ltr'>Trebonium</span> <span class='ocrx_word' id='word_1_202' title='bbox 614 2944 726 3024; x_wconf 87' lang='lat' dir='ltr'>scripta</span> <span class='ocrx_word' id='word_1_203' title='bbox 747 2961 777 3010; x_wconf 82' lang='lat' dir='ltr'>a.</span> <span class='ocrx_word' id='word_1_204' title='bbox 796 2943 859 3004; x_wconf 82' lang='grc'>708</span> <span class='ocrx_word' id='word_1_205' title='bbox 874 2933 927 3016; x_wconf 77' lang='lat'>(⁶⁰)</span> <span class='ocrx_word' id='word_1_206' title='bbox 948 2945 978 3000; x_wconf 89' lang='lat' dir='ltr'>et</span> <span class='ocrx_word' id='word_1_207' title='bbox 995 2937 1083 3000; x_wconf 85' lang='lat' dir='ltr'>Bruti</span> 
     </span>
     <span class='ocr_line' id='line_1_26' title="bbox 23 3037 1081 3126; baseline -0.005 -22"><span class='ocrx_word' id='word_1_208' title='bbox 23 3043 122 3119; x_wconf 85' lang='lat' dir='ltr'>lucus,</span> <span class='ocrx_word' id='word_1_209' title='bbox 152 3061 213 3126; x_wconf 86' lang='lat' dir='ltr'>quo</span> <span class='ocrx_word' id='word_1_210' title='bbox 241 3045 390 3126; x_wconf 86' lang='lat' dir='ltr'>copiosius</span> <span class='ocrx_word' id='word_1_211' title='bbox 418 3045 454 3108; x_wconf 88' lang='lat' dir='ltr'>de</span> <span class='ocrx_word' id='word_1_212' title='bbox 475 3062 510 3107; x_wconf 91' lang='lat' dir='ltr'>eo</span> <span class='ocrx_word' id='word_1_213' title='bbox 538 3042 665 3120; x_wconf 88' lang='lat' dir='ltr'>indicat,</span> <span class='ocrx_word' id='word_1_214' title='bbox 693 3061 758 3106; x_wconf 81' lang='lat' dir='ltr'>cunr</span> <span class='ocrx_word' id='word_1_215' title='bbox 784 3042 811 3104; x_wconf 89' lang='lat' dir='ltr'>is</span> <span class='ocrx_word' id='word_1_216' title='bbox 833 3039 913 3103; x_wconf 87' lang='lat' dir='ltr'>liber</span> <span class='ocrx_word' id='word_1_217' title='bbox 932 3037 1081 3120; x_wconf 88' lang='lat' dir='ltr'>principio</span> 
     </span>
     <span class='ocr_line' id='line_1_27' title="bbox 24 3137 1080 3227; baseline -0.003 -22"><span class='ocrx_word' id='word_1_218' title='bbox 24 3147 91 3207; x_wconf 84' lang='lat' dir='ltr'>cuni</span> <span class='ocrx_word' id='word_1_219' title='bbox 115 3147 183 3210; x_wconf 81' lang='grc'>708</span> <span class='ocrx_word' id='word_1_220' title='bbox 209 3146 328 3208; x_wconf 87' lang='lat' dir='ltr'>ineunte</span> <span class='ocrx_word' id='word_1_221' title='bbox 355 3146 481 3227; x_wconf 85' lang='lat' dir='ltr'>scriptus</span> <span class='ocrx_word' id='word_1_222' title='bbox 504 3145 560 3222; x_wconf 91' lang='lat' dir='ltr'>sit,</span> <span class='ocrx_word' id='word_1_223' title='bbox 584 3145 722 3227; x_wconf 83' lang='lat' dir='ltr'>proxime</span> <span class='ocrx_word' id='word_1_224' title='bbox 748 3150 817 3208; x_wconf 86' lang='lat' dir='ltr'>ante</span> <span class='ocrx_word' id='word_1_225' title='bbox 838 3140 1001 3216; x_wconf 84' lang='lat' dir='ltr'>decessisse</span> <span class='ocrx_word' id='word_1_226' title='bbox 1024 3137 1080 3202; x_wconf 90' lang='lat' dir='ltr'>do-</span> 
     </span>
     <span class='ocr_line' id='line_1_28' title="bbox 24 3241 1083 3329; baseline -0.005 -21"><span class='ocrx_word' id='word_1_227' title='bbox 24 3254 88 3308; x_wconf 85' lang='lat' dir='ltr'>cent</span> <span class='ocrx_word' id='word_1_228' title='bbox 103 3241 171 3326; x_wconf 80' lang='lat'>(⁵¹).</span> <span class='ocrx_word' id='word_1_229' title='bbox 213 3246 313 3312; x_wconf 85' lang='lat' dir='ltr'>Etiam</span> <span class='ocrx_word' id='word_1_230' title='bbox 334 3263 400 3309; x_wconf 81' lang='lat' dir='ltr'>cuno</span> <span class='ocrx_word' id='word_1_231' title='bbox 418 3245 576 3323; x_wconf 58' lang='lat' dir='ltr'>Ciconum</span> <span class='ocrx_word' id='word_1_232' title='bbox 599 3247 648 3310; x_wconf 87' lang='lat' dir='ltr'>cui</span> <span class='ocrx_word' id='word_1_233' title='bbox 667 3253 791 3329; x_wconf 85' lang='lat' dir='ltr'>propter</span> <span class='ocrx_word' id='word_1_234' title='bbox 811 3251 926 3327; x_wconf 88' lang='lat' dir='ltr'>patron</span> <span class='ocrx_word' id='word_1_235' title='bbox 943 3241 1083 3306; x_wconf 78' lang='lat' dir='ltr'>Msumu</span> 
     </span>
     <span class='ocr_line' id='line_1_29' title="bbox 26 3341 1082 3428; baseline -0.005 -20"><span class='ocrx_word' id='word_1_236' title='bbox 26 3346 196 3410; x_wconf 62' lang='lat' dir='ltr'>durandum</span> <span class='ocrx_word' id='word_1_237' title='bbox 216 3348 349 3410; x_wconf 75' lang='lat' dir='ltr'>intumus</span> <span class='ocrx_word' id='word_1_238' title='bbox 369 3348 484 3423; x_wconf 63' lang='lat' dir='ltr'>luam,</span> <span class='ocrx_word' id='word_1_239' title='bbox 511 3365 661 3428; x_wconf 85' lang='lat' dir='ltr'>quaeres</span> <span class='ocrx_word' id='word_1_240' title='bbox 682 3347 837 3428; x_wconf 80' lang='lat' dir='ltr'>utriusque</span> <span class='ocrx_word' id='word_1_241' title='bbox 857 3343 894 3408; x_wconf 92' lang='lat' dir='ltr'>de</span> <span class='ocrx_word' id='word_1_242' title='bbox 916 3342 1012 3406; x_wconf 76' lang='lat' dir='ltr'>altero</span> <span class='ocrx_word' id='word_1_243' title='bbox 1033 3341 1082 3404; x_wconf 92' lang='lat' dir='ltr'>in·</span> 
     </span>
    </p>
   </div>
   <div class='ocr_carea' id='block_1_5' title="bbox 25 3442 1085 3734">
    <p class='ocr_par' dir='ltr' id='par_1_5' title="bbox 25 3442 1085 3734">
     <span class='ocr_line' id='line_1_30' title="bbox 25 3442 1083 3536; baseline -0.004 -27"><span class='ocrx_word' id='word_1_244' title='bbox 25 3446 101 3512; x_wconf 84' lang='lat' dir='ltr'>dicio</span> <span class='ocrx_word' id='word_1_245' title='bbox 131 3467 193 3512; x_wconf 89' lang='lat' dir='ltr'>nou</span> <span class='ocrx_word' id='word_1_246' title='bbox 220 3449 409 3513; x_wconf 85' lang='lat' dir='ltr'>mediocriter</span> <span class='ocrx_word' id='word_1_247' title='bbox 434 3447 548 3525; x_wconf 80' lang='lat' dir='ltr'>olfecit,</span> <span class='ocrx_word' id='word_1_248' title='bbox 576 3449 609 3512; x_wconf 94' lang='lat' dir='ltr'>iu</span> <span class='ocrx_word' id='word_1_249' title='bbox 633 3450 765 3529; x_wconf 75' lang='lat' dir='ltr'>gratim</span> <span class='ocrx_word' id='word_1_250' title='bbox 790 3445 894 3519; x_wconf 84' lang='lat' dir='ltr'>rediit,</span> <span class='ocrx_word' id='word_1_251' title='bbox 920 3450 954 3506; x_wconf 88' lang='lat' dir='ltr'>nt</span> <span class='ocrx_word' id='word_1_252' title='bbox 980 3442 1083 3536; x_wconf 87' lang='lat' dir='ltr'>plnres</span> 
     </span>
     <span class='ocr_line' id='line_1_31' title="bbox 25 3539 1083 3633; baseline -0.002 -22"><span class='ocrx_word' id='word_1_253' title='bbox 25 3548 98 3612; x_wconf 81' lang='lat' dir='ltr'>adeo</span> <span class='ocrx_word' id='word_1_254' title='bbox 116 3549 214 3612; x_wconf 83' lang='lat' dir='ltr'>Tullii</span> <span class='ocrx_word' id='word_1_255' title='bbox 230 3549 379 3633; x_wconf 87' lang='lat' dir='ltr'>epistolae</span> <span class='ocrx_word' id='word_1_256' title='bbox 396 3556 547 3613; x_wconf 69' lang='lat' dir='ltr'>exstarent</span> <span class='ocrx_word' id='word_1_257' title='bbox 566 3549 606 3613; x_wconf 74' lang='lat' dir='ltr'>sd</span> <span class='ocrx_word' id='word_1_258' title='bbox 622 3548 746 3614; x_wconf 74' lang='lat' dir='ltr'>[tamn</span> <span class='ocrx_word' id='word_1_259' title='bbox 767 3547 855 3610; x_wconf 84' lang='lat' dir='ltr'>datae</span> <span class='ocrx_word' id='word_1_260' title='bbox 866 3539 930 3625; x_wconf 76' lang='lat'>(⁵²).</span> <span class='ocrx_word' id='word_1_261' title='bbox 961 3543 1083 3622; x_wconf 77' lang='lat' dir='ltr'>Exiguo</span> 
     </span>
     <span class='ocr_line' id='line_1_32' title="bbox 25 3642 1085 3734; baseline -0.003 -22"><span class='ocrx_word' id='word_1_262' title='bbox 25 3665 155 3732; x_wconf 84' lang='lat' dir='ltr'>corpure</span> <span class='ocrx_word' id='word_1_263' title='bbox 183 3658 264 3730; x_wconf 88' lang='lat' dir='ltr'>erut,</span> <span class='ocrx_word' id='word_1_264' title='bbox 292 3651 375 3734; x_wconf 82' lang='lat' dir='ltr'>quod</span> <span class='ocrx_word' id='word_1_265' title='bbox 402 3651 538 3717; x_wconf 76' lang='lat' dir='ltr'>cunnus</span> <span class='ocrx_word' id='word_1_266' title='bbox 564 3652 647 3730; x_wconf 86' lang='lat' dir='ltr'>risit,</span> <span class='ocrx_word' id='word_1_267' title='bbox 674 3651 763 3716; x_wconf 86' lang='lat' dir='ltr'>bomo</span> <span class='ocrx_word' id='word_1_268' title='bbox 790 3648 920 3725; x_wconf 75' lang='lat' dir='ltr'>secema,</span> <span class='ocrx_word' id='word_1_269' title='bbox 951 3644 1005 3710; x_wconf 88' lang='lat' dir='ltr'>sed</span> <span class='ocrx_word' id='word_1_270' title='bbox 1032 3642 1085 3727; x_wconf 78' lang='lat' dir='ltr'>qui</span> 
     </span>
    </p>
   </div>
   <div class='ocr_carea' id='block_1_6' title="bbox 29 3791 240 3808">
    <p class='ocr_par' dir='ltr' id='par_1_6' title="bbox 29 3791 240 3808">
     <span class='ocr_line' id='line_1_33' title="bbox 29 3791 240 3808; baseline 0.009 -2"><span class='ocrx_word' id='word_1_271' title='bbox 29 3791 240 3808; x_wconf 46' lang='lat' dir='ltr'><strong>w</strong></span> 
     </span>
    </p>
   </div>
   <div class='ocr_carea' id='block_1_7' title="bbox 20 3859 1087 4366">
    <p class='ocr_par' dir='ltr' id='par_1_7' title="bbox 20 3859 1087 4366">
     <span class='ocr_line' id='line_1_34' title="bbox 20 3859 1084 3940; baseline -0.007 -22"><span class='ocrx_word' id='word_1_272' title='bbox 20 3933 21 3940; x_wconf 8' lang='grc' dir='ltr'>ἵ</span> <span class='ocrx_word' id='word_1_273' title='bbox 92 3861 878 3932; x_wconf 68' lang='lat' dir='ltr'>te)v2tltux.1x.ln‚t.Pitunttxxxltln.</span> <span class='ocrx_word' id='word_1_274' title='bbox 913 3859 1084 3928; x_wconf 63' lang='lat' dir='ltr'>loquamur</span> 
     </span>
     <span class='ocr_line' id='line_1_35' title="bbox 21 3939 1085 4022; baseline -0.001 -20"><span class='ocrx_word' id='word_1_275' title='bbox 21 3949 64 4012; x_wconf 70' lang='lat' dir='ltr'>sit</span> <span class='ocrx_word' id='word_1_276' title='bbox 75 3951 216 4020; x_wconf 73' lang='lat' dir='ltr'>graviter,</span> <span class='ocrx_word' id='word_1_277' title='bbox 234 3951 308 4022; x_wconf 86' lang='lat' dir='ltr'>qaod</span> <span class='ocrx_word' id='word_1_278' title='bbox 319 3951 732 4022; x_wconf 60' lang='lat' dir='ltr'>vuawquuurssuupeuto</span> <span class='ocrx_word' id='word_1_279' title='bbox 744 3945 854 4003; x_wconf 78' lang='lat' dir='ltr'>fierent.</span> <span class='ocrx_word' id='word_1_280' title='bbox 940 3941 986 4008; x_wconf 76' lang='grc'>49)</span> <span class='ocrx_word' id='word_1_281' title='bbox 1005 3939 1085 3994; x_wconf 66' lang='lat' dir='ltr'>Suet·</span> 
     </span>
     <span class='ocr_line' id='line_1_36' title="bbox 21 4015 1086 4102; baseline -0.012 -14"><span class='ocrx_word' id='word_1_282' title='bbox 21 4015 106 4089; x_wconf 51' lang='lat' dir='ltr'>{caea</span> <span class='ocrx_word' id='word_1_283' title='bbox 119 4033 164 4088; x_wconf 79' lang='grc'>73.</span> <span class='ocrx_word' id='word_1_284' title='bbox 200 4034 270 4090; x_wconf 78' lang='lat' dir='ltr'>cun</span> <span class='ocrx_word' id='word_1_285' title='bbox 281 4036 392 4096; x_wconf 68' lang='lat' dir='ltr'>Catullo</span> <span class='ocrx_word' id='word_1_286' title='bbox 411 4044 439 4092; x_wconf 84' lang='lat' dir='ltr'>et</span> <span class='ocrx_word' id='word_1_287' title='bbox 454 4037 614 4092; x_wconf 74' lang='lat' dir='ltr'>conionum</span> <span class='ocrx_word' id='word_1_288' title='bbox 631 4035 715 4102; x_wconf 83' lang='lat' dir='ltr'>vixit,</span> <span class='ocrx_word' id='word_1_289' title='bbox 734 4042 763 4089; x_wconf 89' lang='lat' dir='ltr'>ot</span> <span class='ocrx_word' id='word_1_290' title='bbox 780 4035 916 4088; x_wconf 83' lang='lat' dir='ltr'>testentur</span> <span class='ocrx_word' id='word_1_291' title='bbox 931 4024 1011 4080; x_wconf 85' lang='lat' dir='ltr'>bolos</span> <span class='ocrx_word' id='word_1_292' title='bbox 1028 4019 1086 4092; x_wconf 85' lang='lat' dir='ltr'>epl-</span> 
     </span>
     <span class='ocr_line' id='line_1_37' title="bbox 28 4107 1087 4192; baseline -0.004 -19"><span class='ocrx_word' id='word_1_293' title='bbox 28 4125 178 4188; x_wconf 67' lang='lat' dir='ltr'>murata</span> <span class='ocrx_word' id='word_1_294' title='bbox 195 4118 239 4175; x_wconf 78' lang='lat' dir='ltr'>dl.</span> <span class='ocrx_word' id='word_1_295' title='bbox 258 4127 287 4176; x_wconf 84' lang='lat' dir='ltr'>et</span> <span class='ocrx_word' id='word_1_296' title='bbox 303 4122 364 4189; x_wconf 65' lang='lat'>95„</span> <span class='ocrx_word' id='word_1_297' title='bbox 383 4130 411 4178; x_wconf 83' lang='lat' dir='ltr'>ct</span> <span class='ocrx_word' id='word_1_298' title='bbox 429 4119 465 4178; x_wconf 75' lang='lat' dir='ltr'>ed</span> <span class='ocrx_word' id='word_1_299' title='bbox 475 4121 599 4178; x_wconf 74' lang='lat' dir='ltr'>floreco</span> <span class='ocrx_word' id='word_1_300' title='bbox 616 4119 789 4192; x_wconf 79' lang='lat' dir='ltr'>componitur</span> <span class='ocrx_word' id='word_1_301' title='bbox 805 4119 921 4190; x_wconf 82' lang='lat' dir='ltr'>propter</span> <span class='ocrx_word' id='word_1_302' title='bbox 938 4107 1087 4166; x_wconf 63' lang='lat' dir='ltr'>aminon</span> 
     </span>
     <span class='ocr_line' id='line_1_38' title="bbox 27 4191 1087 4284; baseline -0.013 -26"><span class='ocrx_word' id='word_1_303' title='bbox 27 4204 241 4262; x_wconf 73' lang='lat' dir='ltr'>similitudinem.</span> <span class='ocrx_word' id='word_1_304' title='bbox 330 4207 377 4276; x_wconf 75' lang='lat'>50)</span> <span class='ocrx_word' id='word_1_305' title='bbox 391 4208 448 4264; x_wconf 80' lang='lat' dir='ltr'>Clu.</span> <span class='ocrx_word' id='word_1_306' title='bbox 459 4205 524 4264; x_wconf 71' lang='lat' dir='ltr'>Dic.</span> <span class='ocrx_word' id='word_1_307' title='bbox 539 4207 601 4265; x_wconf 82' lang='lat' dir='ltr'>XV.</span> <span class='ocrx_word' id='word_1_308' title='bbox 615 4206 658 4262; x_wconf 81' lang='lat' dir='ltr'>nl.</span> <span class='ocrx_word' id='word_1_309' title='bbox 745 4205 792 4272; x_wconf 82' lang='lat'>51)</span> <span class='ocrx_word' id='word_1_310' title='bbox 807 4201 889 4260; x_wconf 82' lang='lat' dir='ltr'>Brut.</span> <span class='ocrx_word' id='word_1_311' title='bbox 904 4197 951 4284; x_wconf 70' lang='grc'>87,</span> <span class='ocrx_word' id='word_1_312' title='bbox 965 4191 1087 4263; x_wconf 66' lang='lat' dir='ltr'>illisue.</span> 
     </span>
     <span class='ocr_line' id='line_1_39' title="bbox 31 4275 1045 4366; baseline -0.008 -18"><span class='ocrx_word' id='word_1_313' title='bbox 31 4285 74 4358; x_wconf 67' lang='lat'>32)</span> <span class='ocrx_word' id='word_1_314' title='bbox 92 4289 259 4348; x_wconf 67' lang='lat' dir='ltr'>Preciano·</span> <span class='ocrx_word' id='word_1_315' title='bbox 274 4290 325 4350; x_wconf 82' lang='lat' dir='ltr'>lx.</span> <span class='ocrx_word' id='word_1_316' title='bbox 342 4310 371 4366; x_wconf 91' lang='lat' dir='ltr'>p.</span> <span class='ocrx_word' id='word_1_317' title='bbox 390 4293 444 4350; x_wconf 76' lang='grc'>469</span> <span class='ocrx_word' id='word_1_318' title='bbox 456 4291 493 4348; x_wconf 80' lang='lat' dir='ltr'>K.</span> <span class='ocrx_word' id='word_1_319' title='bbox 518 4291 552 4346; x_wconf 85' lang='lat' dir='ltr'>cl.</span> <span class='ocrx_word' id='word_1_320' title='bbox 571 4293 638 4350; x_wconf 87' lang='lat' dir='ltr'>Seu.</span> <span class='ocrx_word' id='word_1_321' title='bbox 655 4291 788 4348; x_wconf 61' lang='lat' dir='ltr'>anuos.</span> <span class='ocrx_word' id='word_1_322' title='bbox 806 4287 856 4344; x_wconf 89' lang='lat' dir='ltr'>Ill.</span> <span class='ocrx_word' id='word_1_323' title='bbox 876 4281 918 4341; x_wconf 81' lang='grc'>19.</span> <span class='ocrx_word' id='word_1_324' title='bbox 938 4299 966 4354; x_wconf 87' lang='lat' dir='ltr'>p.</span> <span class='ocrx_word' id='word_1_325' title='bbox 983 4275 1045 4333; x_wconf 68' lang='lat'>2³2·</span> 
     </span>
    </p>
   </div>
   <div class='ocr_carea' id='block_1_8' title="bbox 827 4388 872 4452">
    <p class='ocr_par' dir='ltr' id='par_1_8' title="bbox 827 4388 872 4452">
     <span class='ocr_line' id='line_1_40' title="bbox 827 4388 872 4452; baseline 0 -26"><span class='ocrx_word' id='word_1_326' title='bbox 827 4388 872 4452; x_wconf 72' lang='grc'>9*</span> 
     </span>
    </p>
   </div>
   <div class='ocr_carea' id='block_1_9' title="bbox 0 0 1363 4780">
    <p class='ocr_par' dir='ltr' id='par_1_9' title="bbox 0 0 1363 4780">
     <span class='ocr_line' id='line_1_41' title="bbox 0 0 1363 4780; baseline 0 0"><span class='ocrx_word' id='word_1_327' title='bbox 0 0 1363 4780; x_wconf 95' lang='lat' dir='ltr'> </span> 
     </span>
    </p>
   </div>
  </div>
 </body>
</html>
