2676 4774
448 443 743 532 PRAEFATIO.
1060 469 1121 520 xtrr

75 617 124 683 nis
145 617 178 684 in
200 620 229 682 ts
251 623 417 695 exeuntes,
440 635 508 684 curn
531 615 662 684 ablativi
683 618 716 682 in
736 614 818 686 ivel
839 616 968 702 genitivi
987 616 1121 706 pluralis

75 738 107 800 in
123 737 190 800 ium
208 732 370 816 finiuntu13
386 736 459 802 item
474 736 605 819 genitivi
622 737 780 802 nominum
797 744 952 804 cenorum
962 737 1120 806 secundae

75 852 295 920 declinationis
327 854 361 920 in
396 852 522 920 tinitt.
571 849 704 941 Semper
734 855 830 939 igitur
864 855 979 942 scripsi
1006 859 1119 934 uetuit,

72 974 179 1052 portio
204 981 235 1038 et
256 970 390 1051 similia3
411 977 539 1058 'semper
558 973 683 1052 tepent,
707 971 811 1047 Euat,
837 971 957 1050 Nocet,
983 972 1119 1056 Pompei.

36 1159 39 1166 ,
72 1085 150 1154 Nam
167 1091 202 1153 in
222 1087 289 1156 illis
312 1089 503 1156 accusativis
525 1089 707 1176 optinorum
725 1085 812 1156 Bruti
834 1089 976 1158 codicum
997 1089 1121 1158 dissen-

72 1223 125 1272 sus
155 1208 210 1274 uir
231 1203 315 1272 ullus
338 1216 403 1284 cst,
430 1209 462 1273 in
483 1205 534 1274 bis
556 1204 721 1274 admodum
747 1225 853 1286 rarus,
880 1205 965 1274 velut
986 1205 1045 1286 24,
1066 1207 1119 1276 lli.

70 1324 126 1401 26,
150 1323 203 1389 99.
235 1321 293 1402 et,
314 1321 388 1390 289.
420 1324 478 1404 90,
499 1323 572 1391 310.
615 1321 683 1392 Sed
703 1325 805 1392 minus
825 1323 913 1404 boni,
935 1335 968 1394 ut
991 1323 1070 1394 God.
1087 1327 1117 1394 l.

70 1439 139 1507 Vnt.
163 1459 238 1508 raro
260 1444 274 1507 t
293 1458 350 1528 pro
371 1445 397 1508 it
417 1452 604 1522 monstrant,
625 1440 711 1510 velut
728 1441 784 1521 21,
801 1441 854 1510 el.
886 1439 1006 1510 Eodem
1024 1443 1117 1512 nodo

69 1559 175 1626 indico
197 1557 335 1626 additum
356 1579 380 1628 a
401 1562 436 1628 in
457 1565 586 1636 totiens,
617 1563 761 1645 quotieas
783 1571 814 1628 et
835 1560 1008 1642 similibus,
1035 1583 1117 1650 quoe

70 1677 141 1744 sola
165 1675 377 1746 Ciceroniana
399 1688 430 1745 et
451 1682 485 1746 in
502 1677 645 1748 omnibus
666 1677 758 1746 libris
775 1680 959 1768 optinorum
975 1679 1117 1750 codicum

6 1883 8 1890 Α
69 1793 129 1862 lide
163 1803 230 1861 tuta
264 1805 352 1876 snot;
385 1798 458 1864 item
487 1799 670 1870 contractirn
700 1796 805 1866 scribo
832 1807 959 1886 propter
984 1799 1117 1868 eundern

70 1931 199 1978 causam
223 1914 336 1988 iodea,
364 1914 423 1989 Dt,
448 1902 526 1992 Dei,-
554 1925 664 1982 contra
687 1917 733 1990 ei,
757 1917 820 1991 eis,
850 1918 964 1982 erdem
980 1919 1118 1986 rectiora

68 2029 191 2108 uuerco,
222 2040 253 2096 a
283 2033 331 2096 sn
358 2031 432 2100 oen
453 2032 512 2110 eo,
534 2031 586 2098 re.
618 2033 677 2109 eo,
699 2029 772 2096 214.
817 2029 940 2097 sumens
966 2012 1118 2102 nieorum

68 2165 243 2216 consensus
276 2149 413 2216 cernitur
443 2150 478 2214 in
510 2151 619 2223 ceteri,
652 2149 809 2230 tutellepo,
844 2151 956 2225 immo,
993 2151 1115 2227 cotidie.

70 2269 189 2346 tecum
205 2266 266 2332 etsi
284 2267 368 2332 eninr
383 2285 446 2334 non
462 2267 576 2352 ignoro
591 2265 667 2354 qnid
685 2275 795 2334 contra
812 2264 873 2334 boc
886 2286 986 2356 nuper
1001 2267 1117 2338 dietum

67 2385 123 2463 sit,
140 2401 206 2452 non
221 2393 326 2454 tanen
340 2383 488 2454 idoneum
503 2385 648 2453 existimo
664 2384 706 2450 ad
723 2384 921 2452 efficiendum
935 2405 1116 2468 assensium

65 2519 159 2589 pono
177 2503 211 2570 in
228 2521 391 2586 unquenti
403 2523 586 2587 uunquam,
606 2514 775 2587 tuaquom,
794 2523 990 2589 punupuutn:
1007 2525 1117 2594 perra-

64 2639 134 2688 rum
155 2629 205 2688 cst
222 2621 322 2699 enim,
343 2630 377 2687 nt
391 2620 467 2688 boni
487 2620 562 2688 libri
578 2638 611 2688 tu
627 2620 812 2703 exhibeant,
833 2622 918 2690 velut
936 2624 966 2702 1,
983 2625 1014 2690 b.
1035 2627 1066 2705 2,
1083 2625 1115 2694 Θ.

64 2738 134 2806 lieri
154 2737 307 2806 videmus.
347 2737 440 2806 Addo
468 2757 549 2826 qnae
571 2734 633 2828 ὑφ’
658 2737 694 2806 et
712 2739 809 2826 vulgo
831 2751 941 2808 eontra
961 2744 1116 2812 rationein

63 2856 244 2926 scribuntur
273 2856 520 2944 repugnantibus
546 2856 639 2924 libris
661 2868 715 2924 ant
737 2857 880 2925 omnibus
902 2868 956 2926 ant
976 2859 1117 2928 meliori·

61 2976 143 3043 bus:
174 2984 202 3042 et
224 2977 307 3040 euim
329 2976 456 3060 (qnippe
479 2991 535 3038 cur
555 2983 590 3040 et
610 2975 753 3054 euitat-³),
780 2991 892 3040 oerum
910 2985 1117 3052 tumeo‚.uoa

61 3097 144 3162 dum
164 3090 271 3173 (uento
290 3091 373 3156 emm
389 3107 455 3156 coa
471 3091 537 3156 tum
552 3083 613 3178 ὑφ’
634 3087 699 3170 ib),
720 3109 786 3158 nou
801 3092 897 3167 uidit,
914 3111 982 3160 oon
997 3097 1114 3174 uuum,

62 3231 133 3278 eoa
149 3225 330 3291 nunquam,
352 3217 426 3274 ecte
444 3226 558 3292 quum,
571 3211 667 3292 poue
686 3227 796 3293 quotu
814 3229 878 3294 pue
893 3213 1008 3288 ewde,
1025 3233 1117 3296 quea

64 3331 108 3398 od
135 3328 284 3402 modum,
313 3328 451 3410 pandum
477 3329 589 3404 modo,
618 3347 666 3394 ote
686 3327 838 3404 Hercule,
865 3348 981 3413 mnpno
1010 3349 1112 3416 opere,

65 3431 169 3514 tecto
188 3463 296 3528 opere,
327 3447 364 3512 iu-
388 3448 520 3528 pente,
551 3449 634 3513 iuris
660 3450 800 3530 peritus,
828 3449 910 3514 iuris
942 3453 1113 3518 consultus.

65 3561 187 3631 Deinde
209 3582 369 3630 consonae
399 3563 483 3631 male
511 3564 688 3652 duplicatae
716 3574 747 3632 et
767 3564 937 3632 secundum
961 3565 1062 3636 libros
1083 3577 1115 3636 et

64 3683 217 3750 rationern
232 3653 420 3748 'eiiciendae
449 3683 621 3770 exemplum
648 3691 697 3750 est
722 3687 873 3768 paulum
903 3694 1013 3752 contra
1038 3689 1114 3754 reti-

67 3797 189 3864 nendae
213 3799 414 3884 aspirationis
438 3802 470 3866 in
495 3801 656 3884 cethecus,
688 3803 862 3887 Cortbupo,
889 3805 1021 3886 putabet
1042 3805 1112 3892 ipse

67 3913 179 3984 dicero
199 3923 309 3982 aucwr
329 3925 387 3988 est.
499 3977 504 3984 ,

149 4031 228 4102 Alia
259 4034 387 4102 codices
418 4035 542 4123 quidem
574 4035 723 4123 plurimos
755 4036 954 4122 refragantes
984 4034 1111 4117 babent,

68 4153 123 4220 sed
155 4171 255 4220 sanae
285 4154 418 4222 rationis
445 4171 544 4222 causa
570 4153 698 4242 probari
728 4153 851 4224 debent.
900 4151 971 4222 Non
996 4158 1119 4260 scripsi

67 4273 258 4348 tudetem,
286 4289 379 4342 neno
408 4274 490 4342 enirn
508 4275 669 4358 tonitam
687 4255 838 4362 postblat:
864 4294 894 4342 v.
917 4271 1035 4342 donn.
1055 4273 1108 4340 Gn
