2644 4774
227 367 290 437 An
314 367 402 436 olo.
423 365 622 436 BRUTUM
650 364 740 434 cle.
763 366 814 433 51.
837 365 888 432 52.
984 365 1080 440 8⁰³

54 541 261 606 conscribens
288 541 366 608 XVI.
389 543 454 616 ll.;
485 539 562 604 umbe
589 540 718 622 suspicio
750 537 881 602 nascitur
907 537 1082 602 coniecturis

53 641 85 704 al
110 643 181 706 luno
209 644 305 706 locum
337 641 497 704 sanandum
525 641 652 723 prolatis
681 641 832 724 plerisque
864 657 923 702 uon
952 637 1082 704 deterior

33 768 36 773 ·
53 747 133 804 tactor
152 753 193 804 est
213 745 305 804 laam
320 745 455 818 millam
476 759 531 804 neo
546 743 638 802 ducam
654 742 820 805 uncialibus
840 741 981 823 scriptum
997 742 1082 804 nimis

53 841 128 906 distat
148 845 185 906 ab
207 849 339 906 amiciam.
382 843 459 906 lllub
476 843 656 908 Graecorum
676 850 802 924 augetur
820 859 876 923 per
893 835 1083 929 ὑπερβολὴν

52 943 162 1022 figuram
184 933 233 1021 εἷς
256 939 332 1025 ἐμοὶ
352 931 535 1030 ἅνθρωπος
556 937 743 1029 anagnina
771 943 866 1024 epigr.
890 945 960 1006 128.
994 943 1082 1006 Anrl.

52 1045 135 1108 Pulat.
155 1046 215 1110 rol.
237 1045 260 1109 l.
288 1065 318 1128 p.
339 1047 411 1108 342.
453 1044 516 1108 Nec
544 1045 638 1108 minus
667 1051 777 1108 rectum
800 1044 881 1106 toret
904 1051 933 1106 et
959 1044 1082 1106 similius

52 1146 127 1208 etiam
154 1147 192 1209 ad
219 1148 372 1210 literarum
393 1145 495 1208 ductus
522 1150 616 1208 iratur
636 1154 678 1206 est
699 1154 807 1205 coatmo
827 1145 965 1205 calumme
996 1162 1082 1227 quem

51 1245 84 1308 ad
108 1247 220 1312 niodum
249 1249 318 1309 Octo
343 1247 414 1308 mtbt
441 1255 482 1307 est
507 1266 560 1326 pro
589 1255 697 1307 cantone
723 1247 846 1307 nobilibus
875 1246 980 1312 Cicero
1010 1246 1084 1310 lixit
1211 1299 1218 1314 .

50 1348 99 1410 Att.
117 1348 151 1412 ll.
172 1350 205 1414 b.

120 1458 222 1528 poema
249 1452 323 1510 euim
349 1449 532 1528 rmoadttom]
567 1447 672 1514 Cicero
700 1466 870 1532 perversum
894 1450 1083 1534 popularium

50 1567 156 1612 suorum
176 1551 309 1632 seqnitur
329 1549 467 1614 iudicium
489 1549 640 1614 doctrinae
660 1552 883 1616 ostentationem
904 1561 933 1616 et
954 1553 1085 1616 carmina

48 1650 105 1731 ipso
123 1659 295 1733 argumento
317 1651 355 1714 ab
372 1653 450 1714 omui
464 1653 589 1716 ueritate
608 1661 735 1734 poeseos
753 1653 944 1717 abhorrentia
959 1655 1084 1718 maxime

48 1753 239 1831 probantium,
272 1770 396 1834 quorum
422 1753 553 1816 Lucretii
583 1753 659 1814 illul
691 1761 720 1815 et
752 1754 906 1834 aequalem
934 1762 1084 1818 auctorem

48 1852 127 1916 labat
141 1863 169 1918 et
186 1855 314 1918 omnium
334 1853 514 1916 notissimum
532 1859 584 1916 est.
618 1853 724 1916 Graeci
743 1853 916 1935 popularem
933 1871 1084 1918 assensum

49 1955 126 2017 etiam
142 1957 239 2039 poetis
251 1954 443 2036 expetendum
454 1954 668 2030 existimabant,
683 1971 737 2016 noo
753 1954 978 2034 intelligentium
988 1957 1083 2038 magis

47 2073 125 2135 quam
143 2059 230 2137 uulgi
252 2057 389 2138 plausum
408 2057 551 2119 Homerus
572 2055 648 2117 tulit.

125 2161 196 2224 192.
238 2179 295 2218 asoa
309 2158 390 2236 [aaa]
408 2157 514 2220 dudum
532 2157 623 2218 sensit
640 2154 794 2219 Turnebus
802 2155 929 2230 illiers.
941 2157 1019 2224 XIV.
1032 2163 1083 2222 22.

47 2255 132 2327 taam
152 2258 274 2323 uerbum
296 2266 431 2340 equestre
448 2257 545 2322 rideri
565 2274 688 2338 eumque
705 2275 810 2338 equum
830 2279 887 2319 aaa
902 2260 997 2333 faeere
1016 2259 1084 2337 dici,

48 2357 93 2436 qui
112 2361 223 2423 rectori
243 2379 302 2424 nou
322 2367 442 2442 pareat3
466 2359 600 2422 similiter
617 2356 800 2444 Gebbarbius
820 2359 852 2420 in
869 2359 932 2424 Em.
954 2361 985 2424 in
1001 2361 1083 2425 Brut.

46 2474 72 2536 p-
90 2462 118 2522 7.
144 2460 274 2541 intelligi
301 2469 369 2543 post
394 2463 465 2536 facit
490 2459 553 2524 vult
579 2480 651 2540 quae
676 2460 751 2519 iubet
778 2479 876 2538 aqam
906 2464 1086 2546 contulitque

45 2556 138 2623 locum
158 2561 329 2625 Otboiorum
348 2562 372 2626 1.
394 2563 451 2639 26,
471 2564 528 2626 90:
557 2559 643 2640 qaid?
669 2581 760 2624 acono
779 2562 879 2636 [acuas
899 2574 965 2625 sort
985 2569 1008 2626 ii
1029 2565 1084 2646 (so.

46 2662 138 2741 equi),
167 2667 215 2740 qai
239 2663 350 2737 facona
377 2664 451 2740 quob
476 2683 557 2742 aqoas
577 2661 673 2723 tabet?
715 2663 787 2727 Item
809 2671 945 2744 equestre
965 2669 1086 2732 verbum

45 2777 107 2824 esse
132 2770 204 2844 puto
227 2784 257 2823 aa
280 2765 365 2834 dara,
393 2762 620 2842 comparandum
642 2763 718 2824 illud
741 2781 806 2824 oum
826 2765 1000 2827 nostratium
1026 2771 1087 2828 sicta

44 2862 192 2940 borqebm,
215 2863 294 2944 qnod
312 2863 424 2939 legitur
445 2861 481 2922 de
503 2863 555 2922 01‘.
573 2859 611 2922 ll.
632 2863 689 2934 44,
712 2863 784 2923 187.

125 2963 191 3026 Lll.
236 2959 306 3022 195.
349 2979 411 3018 cnm
426 2960 562 3018 trabem
576 2963 722 3018 nortmanos
736 2959 815 3036 assat]
833 2964 876 3020 ito
891 2963 911 3024 i.
926 2979 952 3026 e.
970 2984 1004 3024 eo
1019 2968 1085 3044 bopo,

41 3082 63 3126 s.
87 3071 212 3122 coranos.
255 3060 452 3123 Usitatissime
472 3058 613 3140 loquendi
632 3060 727 3136 ratio,
750 3078 837 3140 quam
856 3063 907 3126 rix
929 3065 1088 3132 credideris

41 3161 250 3243 interpretibus
271 3161 406 3244 pluribus
429 3160 584 3224 offensioni
604 3178 670 3223 esse
692 3162 839 3244 potuisse3
868 3171 898 3225 et
918 3171 1015 3230 tumen
1038 3187 1087 3232 res

42 3267 85 3327 ita
101 3263 249 3325 sehabet.
292 3264 459 3344 Sequuntur
474 3270 570 3326 autem
588 3284 665 3334 cam,
682 3273 729 3335 ot,
745 3267 771 3324 si
793 3265 967 3346 particulae.
1005 3269 1089 3332 Infra

45 3369 99 3442 62,
122 3368 202 3426 222:
225 3385 340 3441 prooem
361 3373 519 3437 oratorem,
540 3369 584 3426 ito
605 3365 763 3437 ductaret,
787 3385 848 3426 oona
870 3367 903 3426 do
926 3388 957 3428 ro
977 3371 1096 3447 pabbec'

46 3468 156 3528 otnero.
188 3467 246 3528 Att.
262 3465 326 3530 Vll.
346 3465 398 3526 13:
420 3466 557 3546 (bellum)
579 3471 622 3527 tto
638 3467 719 3526 etoile
736 3475 790 3537 cst,
811 3476 844 3526 ot
860 3487 917 3527 ooo
934 3488 970 3528 oa
987 3474 1088 3531 cloiam

46 3569 232 3638 dissensione,
266 3565 316 3625 sod
347 3586 383 3626 coa
413 3572 498 3626 onias
528 3567 631 3644 perditi
661 3569 731 3624 cisia
759 3565 884 3624 onducto
913 3577 1012 3628 cotom
1040 3577 1088 3636 sit.

46 3668 111 3730 XII.
133 3667 190 3730 51:
218 3667 290 3727 albot
310 3675 351 3727 ast
371 3671 403 3726 ira
423 3687 457 3727 eo
479 3664 650 3747 (epistola),
670 3669 728 3724 aiat
746 3669 844 3744 optimi
865 3671 948 3741 ciclo,
977 3671 1026 3730 soti
1046 3677 1090 3735 ito

48 3773 161 3846 optimi,
182 3777 214 3827 at
234 3775 370 3844 ternpore.
413 3767 490 3830 Phil.
507 3767 544 3829 11.
568 3768 624 3841 34,
644 3763 699 3829 85:
721 3770 768 3832 lta
788 3787 854 3827 oros
875 3773 1035 3848 honoreac,
1058 3783 1091 3834 at

48 3879 74 3928 te
89 3869 229 3930 consciam
247 3871 478 3950 csse'mamiobsso
494 3867 613 3928 deberes.
654 3869 760 3930 Aoons.
778 3869 862 3932 Verr·
878 3871 927 3936 lv.
945 3875 995 3948 67,
1014 3873 1091 3936 150:

49 3974 90 4030 ita
109 3981 204 4030 tamen
226 3969 340 4029 bundam
360 3967 404 4046 (te
418 3966 618 4046 Mamertini),
639 3977 671 4028 ot
685 3973 775 4030 Heius
796 3970 881 4028 odat·
924 3970 961 4032 de
981 3973 1032 4035 Or.
1052 3973 1089 4036 11.

50 4073 103 4146 38,
124 4070 200 4134 159:
223 4070 340 4149 quobsi
356 4075 418 4147 qais
434 4069 580 4148 probabit,
600 4073 643 4130 ita
660 4071 805 4150 probabit,
824 4081 857 4130 ct
871 4075 981 4132 oratori
996 4081 1091 4134 tomara

50 4181 148 4250 optram
166 4191 223 4234 ooo
243 4191 306 4239 asse
321 4172 459 4245 falcator.
502 4169 577 4253 Top.
603 4173 657 4255 19,
677 4175 735 4236 72:
757 4171 950 4251 qaoatuaao
965 4180 1000 4238 ,ta
1022 4173 1091 4235 boae
