2660 4776
265 435 362 508 loo
425 427 574 500 BREVlS
595 425 895 512 Eloquentiae
916 423 1021 496 ROM.
1043 427 1153 496 HlS'l'.

266 605 396 671 studiose
416 603 516 668 dicere
537 604 642 686 solitos
664 620 730 667 erse
748 601 946 680 Quintilianus
968 608 1073 664 audon
1095 605 1141 663 est
1156 595 1219 680 (θ’).
1246 598 1309 662 dlis

267 707 371 770 afflues
392 713 459 768 sunt
481 696 663 769 ἂνασκευαί
684 713 712 766 et
734 697 952 778 κατασκευαί,
978 702 1085 782 quibus
1101 699 1212 763 tabulis
1233 698 1312 761 deret

266 807 339 872 fides
359 807 410 871 uel
429 805 561 868 historiis
584 803 780 884 derogaretur
792 798 856 883 (⁸⁵).
893 801 955 866 Sed
974 791 1106 866 thesibus
1129 809 1312 883 opponuntur

267 909 306 970 ab
328 909 400 970 artis
422 905 615 987 scriptoribus
637 898 837 979 ὑποθέσεις,
866 921 943 984 quae
964 911 1031 966 sunt
1054 910 1229 981 argumenta
1248 919 1311 983 per·

267 1009 349 1071 sonis
370 1009 446 1071 locis
467 1007 648 1087 temporibus
671 1005 827 1067 coniuncta
847 1000 911 1084 (⁸⁰).
954 1003 1036 1067 llaec
1063 1021 1128 1066 curn
1147 1021 1222 1068 uera
1243 1011 1311 1077 suut,

269 1125 347 1190 quae
368 1108 407 1170 ab
429 1108 598 1170 oratoribus
619 1113 797 1181 tractantur,
826 1114 886 1168 tum
906 1103 975 1166 fieta
1000 1105 1040 1166 ad
1058 1105 1192 1169 ueritatis
1214 1104 1312 1165 simili-

267 1209 405 1272 tudinem.
450 1209 547 1282 Ficta,
577 1224 654 1287 qnae
681 1207 713 1268 in
739 1206 848 1268 scholis
875 1205 1001 1268 dictione
1027 1207 1153 1268 mactari
1174 1205 1311 1278 solebant

270 1311 377 1374 Cicero
407 1329 511 1370 cemes
537 1307 624 1382 dixit,
652 1314 735 1370 aetas
765 1324 891 1388 sequens
919 1311 1141 1378 eoabeoerstne,
1176 1305 1255 1388 quod
1283 1323 1312 1368 ec

269 1409 485 1490 significatione
510 1407 656 1471 recentius
685 1408 772 1469 etiam
801 1427 890 1489 qnam
909 1408 1123 1468 declamationis
1143 1406 1312 1471 uocabulum

270 1511 386 1577 Seneca
403 1511 473 1573 dicit
483 1503 551 1588 (⁸⁷),
574 1527 638 1571 cnm
657 1509 714 1571 boc
730 1510 826 1589 ipsum
845 1517 995 1572 auctorem
1014 1509 1158 1574 Cicerone
1181 1515 1210 1570 et
1224 1507 1310 1571 (talu

271 1613 467 1694 antiquiorem
496 1628 556 1673 non
582 1610 700 1672 babeat.
740 1609 863 1674 Veteres
893 1618 990 1672 autern
1019 1609 1123 1673 eodem
1150 1609 1268 1673 Seneca
1291 1613 1312 1668 et

270 1714 413 1780 Suetonio
440 1711 563 1774 testibus
592 1729 643 1772 eas
666 1727 772 1772 canses
799 1709 882 1772 rictas
905 1729 929 1772 s.
952 1711 1169 1775 controuersias
1197 1707 1310 1772 dicendo

272 1813 521 1895 exsequebantur,
550 1828 627 1893 quae
652 1811 786 1892 proxime
811 1811 850 1874 ad
878 1813 1030 1875 ueritatem
1057 1811 1246 1885 accederent,
1280 1811 1312 1870 ita

270 1923 304 1978 nt
321 1901 531 1977 committi-eas
554 1912 687 1993 potuisse
706 1912 864 1993 probabile
884 1907 1106 1994 uideretur(⁸⁸).
1141 1914 1207 1976 lloc
1219 1927 1322 1991 ‘genus

270 2023 410 2096 tanquam
431 2013 557 2076 maxime
579 2011 716 2074 idoneam
738 2013 894 2076 exercendi
915 2014 1028 2094 ingenii
1047 2015 1202 2077 materiem
1223 2011 1311 2076 laudet

271 2115 470 2193 Quintilianus
499 2131 616 2190 eorum,
650 2129 727 2194 quae
753 2113 791 2174 ab
818 2114 993 2196 aequalibus
1025 2115 1057 2176 in
1084 2132 1122 2177 ea
1149 2132 1186 2177 re
1217 2123 1322 2196 pecca-j

270 2223 392 2291 rentur,
424 2233 490 2278 curn
520 2214 613 2275 tacita
645 2213 772 2295 quadam
803 2215 1032 2296 reprehensione
1062 2215 1242 2278 recordatus
1263 2199 1322 2302 (lli-l

271 2315 516 2392 Quantumenim
536 2315 596 2376 ianr
616 2316 751 2395 Augusto
770 2317 920 2398 principe,
943 2317 1013 2398 quin
1034 2317 1072 2378 ab
1092 2317 1161 2398 ipso
1184 2310 1322 2390 Latronel

274 2417 326 2497 qui
357 2415 468 2497 primns
501 2415 643 2476 celebrati
670 2417 795 2480 nominis
824 2418 979 2500 professor
1006 2417 1076 2494 fnit,
1108 2418 1248 2483 seriatis
1273 2415 1321 2475 leat

273 2515 387 2579 uiolata
409 2517 447 2578 sit
473 2517 693 2579 controuersiae
715 2517 821 2580 docent
848 2537 868 2581 a
889 2519 1004 2582 Seneca
1024 2519 1230 2600 conscriptae;
1259 2533 1318 2594 sen:

273 2615 383 2680 tendas
405 2615 479 2678 euim
504 2616 665 2698 pleraeque
685 2618 817 2699 pueriles
839 2627 918 2696 sunt,
946 2628 1121 2701 argumenta
1140 2614 1320 2705 portentoseq't

273 2717 435 2780 Praeterea
467 2734 530 2779 mos
559 2718 675 2782 Graeca
702 2717 810 2782 Latine
834 2721 968 2785 vertendi
997 2730 1138 2803 tanquam
1164 2718 1269 2784 Crassi
1291 2704 1319 2799 1

274 2815 427 2882 Ciceronis
448 2817 666 2881 commendatur
692 2838 711 2881 a
732 2820 914 2898 Quintiliano
934 2817 1003 2902 (⁰⁰);
1030 2839 1116 2902 quem
1135 2823 1204 2885 ueri
1233 2821 1259 2881 si
1283 2819 1289 2832 “
1318 2819 1319 2838 ’

274 2925 320 2980 est
340 2936 417 2999 quae
437 2917 548 2983 Crasso
565 2920 734 2982 tribuentur
754 2921 887 2984 inlibris
910 2923 946 2985 de
963 2925 1092 2987 Oratore
1114 2940 1153 2985 ex
1171 2922 1293 2986 Cicero·
1317 2923 1318 2981 i

273 3021 418 3080 sententia
441 3019 500 3082 dici
522 3021 718 3083 existimasse:
748 3019 900 3086 Ciceronis
922 3026 998 3088 eninr
1018 3024 1055 3087 de
1074 3041 1108 3085 se
1126 3023 1277 3086 ‘testimoni
1316 3053 1317 3082 u

272 3136 333 3181 non
361 3127 472 3195 exstat,
506 3121 561 3182 etsi
588 3137 671 3184 nemo
698 3122 821 3202 ignorat
848 3124 1004 3189 Platonica
1031 3123 1180 3206 quaedam
1211 3132 1242 3186 et

273 3219 432 3283 mosthenis
459 3221 671 3302 Aeschinisque
699 3224 848 3287 orationes
872 3225 913 3288 de
940 3243 1051 3289 corona
1083 3226 1121 3288 eb
1150 3243 1191 3288 eo
1221 3227 1265 3288 La
1315 3245 1316 3286 t

273 3335 409 3382 sermone
436 3319 546 3382 donata
571 3337 645 3384 esse.
687 3322 833 3387 Fecerunt
859 3327 946 3388 etiam
974 3325 1083 3389 Brutus
1112 3333 1140 3388 et
1168 3327 1256 3390 Mess
1314 3347 1315 3368 ÷

275 3425 305 3481 et
325 3427 423 3482 aetate
443 3421 500 3483 illa
519 3423 657 3486 usitatum
678 3423 771 3487 fuisse
792 3427 950 3490 Suetonius
964 3427 1066 3492 ¹(locet
1109 3426 1174 3489 Nec
1198 3427 1267 3489 deer
1314 3445 1315 3462 ¹

274 3520 327 3600 qni
347 3521 478 3584 carmina
498 3523 597 3588 solnta
612 3526 748 3588 oratione
767 3526 938 3600 redderent
962 3547 1021 3608 qno
1042 3545 1155 3608 genere
1177 3529 1247 3591 solo
1313 3541 1314 3586 t

273 3619 426 3700 Sulpicius
448 3621 600 3688 Ciceronis
621 3625 757 3707 aequalis
781 3643 852 3689 usus
879 3628 989 3707 fertur,
1015 3615 1267 3710 reprehenditur

274 3739 485 3754 *—

344 3813 390 3878 eet
415 3815 471 3872 cic.
494 3813 545 3874 Or.
568 3819 613 3887 14,
635 3821 677 3876 45.
707 3821 744 3876 ad
762 3823 819 3878 Att.
838 3823 887 3880 1Χ.
905 3827 931 3881 4.
954 3833 982 3880 et
998 3827 1023 3881 9.
1058 3824 1178 3884 Quintil.
1203 3826 1238 3882 ll.
1257 3825 1277 3886 1,

274 3897 309 3952 X.
324 3898 409 3964 5,11.
440 3947 443 3952 .
493 3902 540 3971 81)
558 3904 672 3965 Quintil.
687 3905 722 3963 11.
736 3909 768 3974 4,
782 3910 825 3964 nd.
846 3909 959 3968 Sueten.
974 3911 1008 3966 el.
1022 3909 1104 3967 rbett.
1118 3911 1143 3966 1.
1237 3910 1274 3976 81)

274 3999 327 4038 nor
341 3983 377 4038 ed
392 3983 428 4038 de
441 3982 490 4042 Or.
506 3987 540 4044 ll.
558 3989 606 4056 19,
618 3990 661 4046 78.
748 3992 793 4059 87)
813 3993 946 4052 controv.
959 3995 979 4052 Ι.
992 4013 1117 4066 prooem.
1134 4013 1163 4067 p.
1175 3995 1223 4051 63.

274 4067 503 4126 Westermannus
517 4089 542 4142 p.
559 4072 616 4128 140.
644 4073 740 4131 Verba
751 4085 806 4133 eret
817 4085 1051 4137 controversiam
1065 4081 1143 4154 apud
1155 4081 1218 4138 (iic.
1231 4080 1261 4134 de

272 4150 382 4220 11118,
395 4153 455 4211 109.
473 4156 726 4216 excludendasunt.
812 4164 859 4236 88)
877 4165 1056 4224 Sesoncha.
1100 4207 1103 4214 ,
1145 4165 1264 4236 89)11’

275 4233 420 4306 x.e‚,1r.
507 4239 794 4317 consumo.
904 4295 907 4300 .
1006 4267 1009 4276 ¹
