2660 4776
171 451 320 521 BllliVlS
341 451 641 537 ELOQUENTIAE
663 455 765 527 ROM.
787 457 896 527 HIST.
1000 463 1059 536 9!

26 624 169 702 temnendi,
199 626 375 690 Aristotelea
407 627 540 692 Platonis
572 629 733 713 discipulae
765 638 794 694 et
826 631 1058 714 Theophrastus,

27 729 66 788 aui
84 727 253 790 Aristotelea
280 729 423 808 magister
449 729 557 793 inerat.
600 731 648 794 Ex
675 733 780 794 horum
803 731 889 795 libris
915 751 1058 800 summanr

27 827 127 890 dicendi
153 829 268 910 copiam
297 837 327 891 et
355 847 477 892 acumem
508 832 633 894 maxime
661 832 828 896 inveniendi
855 841 885 896 et
909 835 1058 916 partiendi

28 929 88 989 anmi
112 947 199 1010 posse
231 947 295 992 cnm
323 929 428 994 Cicero
460 933 572 1014 primns
599 933 852 997 animadvertisset
870 929 937 1013 (²⁵),
970 937 1057 1000 huius

27 1031 171 1112 exemplum
199 1031 253 1093 alii
278 1033 393 1114 plures,
422 1041 454 1096 ut
474 1034 519 1097 Μ.
538 1033 671 1096 Calidius
699 1031 732 1097 G.
750 1035 860 1100 Galama
885 1033 930 1098 M.
947 1037 1057 1100 Brutus

27 1131 61 1193 Μ.
77 1131 220 1194 Messalla
248 1135 340 1196 secuti
361 1141 436 1196 aunt.
479 1133 625 1199 videbam
651 1142 749 1197 tamem
772 1135 920 1198 hominnm
946 1136 1065 1200 aloru.

27 1233 266 1296 remotissimorum
284 1241 445 1318 praccepta
465 1253 525 1297 non
546 1236 589 1298 aie
609 1243 719 1298 temere
740 1254 776 1299 ac
797 1236 861 1298 sine
881 1253 980 1300 rerum
1000 1256 1066 1300 usu-

27 1351 54 1394 ac
75 1333 178 1397 iudicio
206 1335 377 1417 arripienda
398 1353 478 1411 esse;
508 1335 651 1399 accedere
678 1335 766 1400 etiam
793 1335 967 1402 elocutionis
994 1355 1056 1400 me-

27 1434 119 1497 moriae
144 1435 392 1517 pronuntiaticnis
418 1435 588 1513 artificium,
615 1435 779 1518 dequibus
806 1437 895 1500 rebus
922 1437 970 1500 illi
996 1455 1056 1504 mon

26 1537 244 1618 praecepissent3
270 1544 428 1618 praeterea
454 1537 503 1601 uel
526 1555 665 1600 summam
690 1536 819 1600 indolem
846 1538 909 1600 sime
931 1555 1056 1602 accura-

26 1636 118 1698 tissima
138 1638 351 1700 exercitatione
371 1655 430 1700 nom
445 1637 608 1719 proicere,
631 1637 683 1700 sed
699 1639 786 1720 quasi
805 1639 945 1702 inermem
960 1639 1056 1705 uideri

26 1743 47 1795 et
64 1735 97 1798 ad
115 1737 240 1819 impetus
264 1737 423 1800 insidiosos
450 1738 541 1800 facile
561 1746 675 1820 patere.
717 1739 792 1802 llinc
817 1741 978 1802 necessitas
999 1757 1056 1804 ex·

26 1837 82 1898 stitit
100 1839 189 1900 etiam
211 1840 374 1919 praestanti
393 1839 514 1918 ingenio
534 1839 623 1914 uiris,
650 1846 682 1902 ut
703 1855 769 1902 sese
788 1839 820 1901 in
841 1841 978 1920 magistri
998 1842 1056 1905 ali·

26 1938 88 1998 ouiua
109 1938 296 2020 disciplinam
317 1939 421 2002 darent
447 1939 486 2002 ad
506 1939 567 2002 lori
594 1958 679 2002 usum
704 1939 902 2006 instruendos.
943 1942 1056 2008 florum

24 2039 151 2104 rhetorum
175 2041 301 2102 maxime
321 2040 533 2122 expetebantur
556 2039 678 2103 Graeci:
708 2037 777 2112 sed,
800 2041 1056 2122 comphilosophi

23 2140 130 2204 hthcnaa
160 2150 304 2223 tanquam
336 2139 434 2202 sedem
465 2139 657 2222 praecipuam
688 2137 836 2214 colerent,
869 2139 1057 2221 eloquentiae

23 2239 150 2308 ducendae
182 2243 249 2308 laus
282 2239 321 2306 ad
349 2241 481 2305 Rhodios
511 2241 681 2306 transierat.
722 2237 848 2312 Eorum,
882 2242 933 2322 qui
957 2241 1056 2306 Rhodi

24 2339 154 2408 Ciceronis
188 2351 285 2406 aetate
294 2341 472 2419 docebant,
505 2360 591 2406 nemo
618 2338 793 2426 Apollonio,
827 2341 877 2421 qui
910 2349 939 2404 et
966 2341 1054 2408 Molo

23 2452 138 2521 uocatur,
165 2447 311 2511 incertum
332 2463 371 2506 an
392 2445 525 2508 Molonis
551 2443 644 2518 lilius,
672 2441 784 2504 clarior
805 2441 871 2504 init.
913 2443 969 2506 llic
990 2461 1056 2508 cum

24 2541 107 2608 Sullae
127 2545 266 2628 aequalis
289 2554 378 2621 esset,
406 2545 536 2608 studiose
558 2543 675 2606 auditus
697 2562 716 2604 a
738 2542 881 2607 Cicerone
903 2552 962 2622 eat,
990 2563 1055 2608 oum

24 2642 41 2702 is
62 2656 122 2726 poet
147 2648 276 2730 primam
306 2665 424 2710 cansam
450 2642 602 2727 publicam
628 2646 724 2724 magis
752 2645 938 2709 uehementer
967 2663 1055 2727 qnam

24 2747 97 2822 perite
112 2747 224 2810 dietam
246 2765 311 2810 cum
325 2745 502 2811 valetudinis
520 2745 720 2808 restituendae
740 2752 800 2806 tum
817 2744 948 2809 discendi
964 2765 1056 2810 causa

24 2843 154 2911 indcium
186 2855 264 2912 esset
285 2848 435 2929 proiectus
453 2841 517 2926 (⁷⁶).
559 2845 675 2907 Natura
701 2846 747 2905 rei
768 2843 902 2907 ellectum
925 2854 985 2923 est,
1013 2855 1055 2923 ut,

26 2961 71 3009 um
89 2949 199 3016 Graeci
219 2951 354 3010 rhetores
383 2955 411 3009 ct
437 2949 469 3008 in
490 2947 564 3007 urbe
592 2953 621 3006 et
646 2961 701 3024 per
723 2943 878 3006 Graeciam
905 2953 934 3007 et
953 2947 1056 3010 Asiam

26 3051 124 3114 manime
148 3056 373 3129 expeterentur,
393 3046 494 3109 Latini
515 3043 651 3106 doctores
673 3049 933 3106 contemnerentur.
977 3045 1056 3108 Tota

27 3150 81 3212 mim
105 3148 269 3229 disciplina
295 3147 430 3209 oratoria
456 3145 617 3228 peregrina
643 3143 799 3208 ridebatur
826 3143 922 3208 adbnw
950 3153 980 3208 et
1004 3147 1055 3212 uix

26 3246 135 3315 hurum
158 3247 346 3330 recipienda3
368 3249 478 3328 inqua
499 3264 564 3308 cum
582 3246 689 3312 Gracci
711 3246 809 3308 omnia
830 3262 942 3308 summa
962 3263 1055 3328 prae-

26 3356 113 3416 starent
127 3351 272 3417 Romanis
294 3351 345 3416 rix
361 3349 458 3430 prima
478 3347 563 3409 initia
577 3346 722 3426 egressis,
745 3345 815 3427 quid
833 3347 952 3423 mirum,
974 3339 1055 3429 quod

26 3446 133 3516 discendi
155 3449 257 3533 cupidi
279 3458 308 3513 ct
322 3451 475 3530 utriusque
492 3449 635 3511 sermonis
656 3447 746 3528 periti
766 3465 873 3511 nouam
892 3455 920 3510 et
936 3447 1055 3510 dubiam

25 3552 197 3617 eudociam
225 3551 393 3614 fastidirent
420 3557 449 3612 et
474 3549 587 3612 hrmam
614 3545 809 3627 stabilemque
837 3548 911 3609 artis
937 3546 1057 3610 laudem
1085 3593 1092 3609 .

23 3653 279 3733 amplecterentur?
316 3649 453 3724 Accedit,
482 3648 562 3732 quod
589 3648 724 3711 rhetores
746 3645 833 3709 latini
859 3666 879 3709 a
902 3647 937 3710 b.
955 3647 1054 3712 Plotio

53 3757 119 3818 osati
133 3757 200 3818 inre
216 3755 312 3832 magia
329 3753 444 3815 rabulis
462 3769 550 3833 qnam
566 3747 734 3812 oratoribus
748 3747 914 3812 erudiendis
926 3749 1055 3830 aptirisi

24 3759 89 3930 ilat,
116 3873 193 3939 qnae
222 3873 313 3917 causa
340 3854 511 3916 censoribus
534 3849 644 3916 Crasso
672 3857 701 3912 et
719 3847 849 3913 Domitio
876 3850 976 3912 iuerat
1002 3865 1055 3910 cnr

25 3933 64 4080 i⁰³
89 3974 123 4023 ox
150 3957 270 4022 ciuitate
295 3955 444 4022 tollerent.
493 3954 537 4018 Μ.
558 3937 703 4016 Antonius
730 3951 845 4033 Gnipho
871 3949 928 4012 hac
956 3953 1055 4008 aetate

27 4085 218 4110 ’Νὴ-...-

27 4165 30 4176 ι

28 4183 53 4374 μ
79 4186 120 4254 75)
147 4188 205 4244 Cic.
224 4187 260 4243 ad
272 4187 385 4244 Divero.
401 4186 423 4242 l.
435 4186 462 4240 9.
487 4183 546 4240 lmr.
561 4183 582 4238 l.
597 4183 629 4251 5,
641 4184 666 4238 7.
685 4191 713 4238 et
730 4181 819 4238 rmnltie
836 4179 905 4237 loeis
922 4175 1054 4234 librorum
1087 4203 1089 4208 ·

67 4278 182 4333 oratore.
270 4267 556 4342 rotelandam,
575 4268 636 4327 tlh.
663 4267 711 4336 91,
728 4267 789 4324 316.
816 4311 818 4318 .

31 4527 40 4737 j

825 4365 846 4438 7
