2640 4780
365 423 559 494 BRUTUS
589 423 680 494 eui.
702 427 754 494 33.
1005 428 1086 504 911

54 589 131 656 fratri
161 590 305 678 pietaten
335 609 429 678 quam
455 595 577 682 patriae
601 601 764 682 praestare
789 591 956 662 voluisset!
992 615 1086 683 ιῙιιιιιιι

51 707 98 773 ille
123 706 216 776 facile
243 707 302 775 tali
320 709 462 797 ingenio,
491 711 605 780 diutius
628 714 657 779 si
675 713 823 793 vixisset,
850 711 902 780 vel
923 722 1085 800 paternam

50 835 123 892 esset
140 825 190 894 vel
212 829 328 894 avitani
348 829 485 915 gloriam
509 833 712 899 consecutust
747 829 937 918 Eloquentia
958 831 1083 918 quidem

50 948 144 1011 neseio
166 964 207 1012 an
229 943 392 1014 habuisset
412 967 521 1036 parem
539 951 704 1016 neminem.
746 949 878 1035 grandis
901 959 949 1016 est
965 949 1083 1032 verbis,
1111 1025 1115 1030 ,

49 1063 161 1149 sapiens
193 1065 371 1144 sententiis,
404 1085 522 1152 genere
553 1075 617 1134 toto
646 1068 768 1152 gravis:
802 1071 914 1134 manus
943 1075 1083 1136 extrema

47 1199 100 1245 uon
130 1184 266 1249 accessit
296 1183 443 1271 operibus
477 1185 567 1250 eius:
599 1183 764 1272 praeclare
797 1185 946 1253 inchoata
973 1186 1081 1266 multa,

46 1298 170 1382 perfecta
196 1319 260 1368 non
288 1299 392 1388 plane.
434 1299 620 1388 Legendus,
649 1304 789 1390 inquam,
817 1312 865 1370 est
891 1301 943 1370 hio
965 1315 1081 1385 orator,

44 1411 142 1497 Brute,
174 1419 203 1484 si
235 1421 400 1506 quisquam
429 1419 528 1499 alius,
560 1421 719 1488 iuventuti.
768 1423 947 1492 nonenim
978 1421 1081 1490 solunt

45 1551 161 1614 uouere,
197 1535 254 1602 sed
288 1539 383 1604 etiarn
417 1538 504 1606 alere
537 1539 695 1624 ingenium
729 1547 841 1628 potest.
895 1539 965 1607 127.
1000 1537 1081 1607 Huio

44 1655 186 1720 successit
219 1657 315 1720 aetati
351 1651 387 1720 G.
419 1655 546 1735 Galba,
581 1655 673 1724 Servi
705 1657 792 1723 illius
822 1656 1081 1744 eloquentissuuui

41 1769 91 1834 viri
108 1769 205 1850 tilius,
228 1769 261 1838 P.
280 1771 390 1840 Crassi
410 1773 585 1862 eloquentis
605 1783 635 1840 et
650 1776 728 1842 iuris
745 1775 837 1862 periti
853 1791 961 1859 gener.
992 1772 1081 1840 Lau-

41 1884 145 1956 dabant
171 1887 254 1958 hune
279 1899 385 1983 putpes
406 1893 522 1969 nostri,
549 1891 698 1958 favebant
727 1893 821 1958 etiam
839 1902 965 1979 propter
979 1895 1080 1980 patris

38 2009 227 2087 memoriam,
250 2007 307 2075 sed
330 2007 444 2075 cecidit
464 2010 496 2074 iu
519 2027 621 2074 eursu.
661 2028 733 2074 nom
753 2009 918 2093 rogatione
933 2007 1080 2075 Mamilia

37 2118 228 2208 Iugurthinae
247 2127 472 2193 coniurationis
491 2127 625 2207 invidia}
645 2146 714 2194 oum
732 2144 789 2212 pro
807 2143 878 2190 sese
895 2127 963 2212 ipse
981 2125 1080 2214 dixis-

38 2251 91 2320 set,
113 2251 290 2333 'oppressus
319 2254 376 2312 est.
420 2253 522 2314 exstat
548 2247 617 2312 eius
645 2245 820 2334 peroratio,
851 2244 904 2330 qui
932 2243 1078 2330 epilogus

36 2357 153 2428 dieitur:
175 2365 229 2449 qui
241 2371 327 2430 tanto
343 2361 509 2432 inhonore
524 2366 631 2452 pueris
646 2361 830 2442 nobiserat,
846 2371 879 2428 ut
895 2381 965 2428 euin
983 2363 1078 2428 etiarn

36 2465 250 2546 edisseremus.
279 2481 342 2560 hic,
361 2483 412 2568 qui
431 2485 463 2548 in
480 2481 617 2569 collegio
634 2479 832 2550 sacerdotum
846 2489 940 2558 esset,
958 2481 1078 2564 primus

33 2605 95 2680 post
109 2596 245 2666 Romam
262 2599 419 2666 conditam
436 2599 554 2668 iudieIo
571 2596 698 2689 publico
716 2589 764 2666 est
780 2599 1014 2666 condemnatus.

35 2816 132 2884 opponi
152 2817 225 2871 inter
243 2831 275 2868 se
292 2824 413 2886 possunt.
431 2846 464 2858 -
493 2817 653 2884 euiotumo]
676 2816 717 2870 sic
733 2813 785 2886 Lg.
803 2814 829 2870 8.
848 2812 891 2870 39.
911 2811 954 2870 51.
972 2813 1015 2869 53.
1032 2813 1077 2870 88.

34 2894 82 2958 Oti,
102 2933 135 2944 -
164 2901 268 2968 immo]
287 2899 367 2956 codd.
387 2917 481 2955 omues
498 2907 611 2971 praeter
629 2897 680 2970 bg.
698 2899 741 2954 39.
757 2899 801 2952 53.
820 2897 862 2953 70.

49 3065 52 3074 .
93 3019 157 3074 126.
195 3014 333 3088 operibus
347 3018 423 3085 edus]
437 3021 505 3074 deos
519 3015 633 3082 om.,Gu
644 3015 668 3072 1.
682 3013 762 3086 prob.
772 3013 854 3068 Scin.
868 3011 1077 3068 81881111.-

28 3101 175 3174 persenia]
193 3107 358 3172 praeterea
375 3101 426 3156 Gu.
445 3103 468 3157 1.
485 3129 521 3144 -
549 3101 699 3174 dependas]
717 3101 801 3154 iterat
818 3095 947 3154 Orellius.
983 3097 1078 3170 Neget

31 3186 80 3240 iure
104 3187 211 3242 iactum
227 3183 387 3258 Madvigius
405 3185 509 3258 Opusc.
527 3204 554 3257 p.
572 3185 647 3254 unt„
670 3179 745 3256 quod
767 3189 890 3257 inquom
909 3199 965 3238 nou
983 3191 1011 3236 at
1027 3201 1077 3239 vu·

32 3272 114 3326 cebodi
137 3271 333 3341 repetitionem
350 3274 498 3342 pertineat,
521 3273 571 3326 sed
590 3272 626 3325 ad
643 3273 821 3338 seutentiam,
845 3285 997 3342 quaecum
1012 3277 1078 3324 aute

30 3355 59 3410 sit
82 3359 214 3411 universe
238 3355 406 3428 significata,
430 3359 483 3412 iam
506 3375 566 3412 curn
590 3355 696 3411 maiore
720 3366 837 3427 ponetur
860 3356 1076 3410 asseveratione.

30 3439 60 3494 dit
83 3442 140 3498 hoc
165 3443 253 3513 ipsum
272 3441 305 3496 ut
327 3443 386 3510 hio;
410 3444 518 3515 paulum
540 3445 611 3497 enirn
628 3451 757 3497 mutatu·
782 3442 827 3495 hio
845 3441 985 3512 profertur·
1002 3440 1078 3510 quod

28 3529 97 3596 prius
106 3525 199 3582 Bruto
214 3530 385 3600 respondens
399 3530 519 3584 dixerut:
538 3527 738 3600 immopdane,
753 3525 859 3588 Brute,
873 3526 955 3597 lepor
965 3541 1077 3581 censeo.

93 3645 154 3701 127.
190 3647 297 3716 aetati]
326 3655 426 3702 aetate
451 3645 585 3719 Purgoldi
608 3641 729 3716 suspicio
754 3641 831 3698 salsa.
857 3673 888 3684 -
923 3641 951 3698 0.
979 3638 1076 3698 Galba

29 3727 115 3786 seer
140 3731 233 3799 illiue]
259 3732 323 3785 libri
347 3750 442 3787 omnes
465 3741 492 3786 et
516 3733 558 3788 ed.
583 3747 625 3800 pr.
651 3727 686 3783 P.
709 3728 804 3784 Galba
826 3727 987 3794 servilian
1013 3720 1078 3782 hine

28 3825 98 3870 certe
116 3817 154 3870 de
171 3813 229 3870 fine
246 3818 364 3872 nominis
384 3815 470 3876 Serui
485 3823 601 3870 constat.
637 3815 694 3869 Sed
716 3813 746 3870 0.
764 3817 944 3888 praenomine
961 3813 1009 3866 ilie
1026 3829 1076 3867 vo·

27 3909 99 3956 eatur
125 3919 150 3956 c.
169 3901 217 3969 26,
235 3900 278 3957 98.
307 3899 642 3968 3908159139·-
669 3905 746 3958 turis
767 3903 872 3974 periit]
896 3899 1006 3952 divisim
1023 3895 1075 3967 Lg.
1158 3888 1161 3894 ’

26 3995 138 4053 praeter
151 3985 177 4042 8.
189 3983 232 4040 99.
243 3985 286 4042 35.
299 3981 335 4030 »ἑ
353 3987 510 4056 Mamilia]
528 3988 582 4055 sie,
600 3995 630 4042 ut
644 3993 804 4044 correxerat
816 3977 969 4049 corrodus,
986 3977 1076 4052 lugd.

26 4068 65 4126 39.
84 4071 128 4128 51.
149 4071 192 4127 58.
211 4071 252 4126 70.
287 4070 373 4139 Reli,
397 4083 427 4128 ut
452 4081 480 4128 et
503 4069 561 4128 Oti.
585 4068 648 4128 Vut.
672 4071 742 4126 Veu.
765 4069 816 4126 Gu.
836 4067 860 4126 i.
885 4065 1021 4125 munilia.
1040 4091 1076 4106 ·-

27 4155 239 4230 edisseremus]
260 4159 301 4215 eie
316 4157 368 4232 Lg.
385 4175 481 4216 omues
501 4165 529 4213 et
547 4157 590 4216 ed.
608 4173 649 4230 pr.
684 4157 866 4214 disceremus
883 4149 981 4212 hamb.
1001 4149 1077 4208 1581.

27 4236 103 4300 Grut.
499 4253 513 4276 ·
888 4269 890 4274 ,

800 4337 868 4409 14*
