2676 4774
216 415 276 486 lo
391 409 540 478 BREVIS
562 405 861 488 ELOQUENTIAE
883 403 986 476 ROM.
1007 406 1117 476 lllS‘l'.

217 585 301 666 quies
323 583 471 646 consulem
491 581 572 644 bello
589 580 786 644 Hannibalico
802 581 847 644 M.
863 579 1025 660 Cethegum
1040 581 1075 644 P.
1087 579 1265 645 Tuditanum

217 686 352 768 aliosque
372 703 431 748 non
451 683 550 746 nullos
572 683 666 746 solem
686 682 795 744 lamam
816 689 932 744 secutus
953 681 1045 746 verbo
1066 685 1172 763 tangit.

702 848 729 932 c.
750 851 780 912 τ.

253 967 304 1038 Ap.
319 965 449 1021 Claudius
466 965 580 1022 Caecus.
617 963 653 1022 0.
670 963 818 1018 Maximus.
854 961 888 1018 P.
909 963 1012 1034 Scipio.
1050 963 1081 1020 P.
1102 963 1226 1019 Crassus

297 1089 336 1152 Et
354 1089 475 1151 illorum
496 1088 613 1170 quidem
633 1087 764 1151 uirorum
784 1087 927 1149 memoria
947 1095 1061 1150 centum
1081 1087 1146 1148 fere
1168 1105 1262 1148 curos

213 1191 429 1272 complectitur,
458 1209 478 1252 a
505 1191 667 1254 Samnitum
693 1187 774 1250 bello
798 1188 944 1267 degrame
970 1187 1009 1250 ad
1036 1189 1264 1250 Hannibalicum

214 1291 414 1372 compositum.
456 1291 504 1354 Ex
523 1291 561 1352 iis
582 1291 689 1369 igitur,
716 1289 768 1369 qui
789 1289 971 1368 antiquiores
993 1297 1074 1365 sunt,
1096 1307 1181 1352 nemo
1202 1292 1263 1368 Ap.

215 1393 335 1454 claudio
360 1391 485 1474 clarior,
514 1392 566 1472 qui
588 1391 679 1455 Greci
703 1397 771 1470 poet
792 1389 965 1468 cognomine
992 1389 1168 1466 dictasset,
1195 1407 1263 1452 cum

214 1492 308 1555 oculis
331 1497 447 1573 captum
467 1493 549 1554 ieme
568 1499 661 1567 esset,
685 1491 765 1572 quod
785 1491 920 1554 Herculis
942 1509 1030 1553 sacra
1051 1510 1071 1552 a
1091 1492 1209 1554 Potitiis
1232 1499 1264 1552 et

212 1593 341 1658 Pinariis
363 1593 565 1656 sacerdotibus
587 1593 685 1655 deseri
704 1611 811 1674 passus
832 1609 934 1656 seruos
954 1593 1091 1674 publicos
1112 1591 1262 1673 pomodo

213 1713 251 1758 eu
275 1694 408 1756 iacerent
429 1693 530 1756 doceri
554 1694 678 1756 instituit
696 1691 758 1774 (²¹).
801 1695 831 1757 Is
852 1694 991 1772 ingenita
1016 1693 1150 1755 semidae
1176 1693 1262 1756 fero-

213 1797 261 1860 cia
273 1791 327 1872 (22)
353 1812 450 1877 neque
469 1795 570 1874 legum
590 1813 687 1876 neque
706 1795 811 1877 populi
832 1813 927 1876 neque
946 1803 1064 1858 senatus
1085 1795 1148 1856 ullo
1170 1794 1261 1857 modo

211 1899 364 1973 reverens,
396 1898 423 1958 si
454 1897 554 1958 seculo
586 1898 671 1978 prior
701 1898 820 1972 fuisset,
852 1899 909 1978 Ap.
938 1896 1064 1960 Claudio
1092 1895 1260 1960 decemviro

211 2000 275 2062 siue
306 1999 395 2062 dubio
427 1997 592 2058 simillimus
623 1998 738 2061 futurus
770 2005 844 2060 erat.
897 1997 1012 2078 Quippe
1042 2007 1097 2060 nec
1126 1999 1262 2061 interrex

210 2101 358 2183 plebeium
385 2098 555 2162 consulatus
585 2100 740 2180 petitorem
767 2098 947 2161 admissurus
976 2107 1041 2161 eret
1057 2094 1109 2178 (2³)
1137 2107 1166 2162 et
1192 2099 1262 2180 ipse

211 2203 395 2264 consulatum
413 2218 477 2261 cum
494 2201 621 2280 patricio
637 2201 758 2281 petebat
769 2199 910 2263 aduersus
921 2199 1019 2280 legem
1028 2201 1174 2264 Liciniam
1186 2195 1261 2277 (²⁴);

210 2301 316 2366 deiude
338 2319 442 2362 censor
463 2309 565 2382 spreta
579 2301 707 2362 Aemilia
729 2301 799 2380 lege
820 2302 1024 2380 magistratum
1045 2309 1075 2365 et
1095 2319 1149 2384 per
1171 2303 1261 2383 quin-

211 2403 368 2484 quennium
399 2409 429 2463 et
448 2401 530 2464 solus
552 2419 659 2481 gerere
681 2421 770 2484 ausus
793 2411 837 2464 cst
855 2399 925 2478 (²⁵),
954 2411 983 2464 ct
1002 2403 1116 2465 iniussu
1137 2410 1260 2466 senatus

210 2511 348 2584 suscepta
369 2520 462 2583 opera
481 2504 561 2566 riam
578 2505 704 2586 Appiam
727 2511 755 2566 et
771 2521 868 2586 aquae
885 2503 1002 2566 ductum
1015 2505 1128 2584 ingenti
1142 2511 1262 2586 sumptu

209 2605 348 2686 impensis
379 2604 575 2684 uectigalibus
608 2606 740 2668 omnibus
773 2613 803 2667 et
834 2605 983 2669 divendita
1013 2605 1142 2670 fortasse
1170 2613 1260 2687 parte

209 2706 279 2784 agri
298 2705 410 2786 publici
430 2707 551 2772 mumuit
567 2703 632 2784 (²⁶).
676 2707 755 2768 ldem
777 2713 806 2768 et
829 2707 882 2770 Gn.
903 2706 1009 2770 Flavio
1031 2706 1163 2780 scribae,
1190 2723 1259 2768 cunr

207 2808 275 2888 ipse
295 2807 391 2889 plebis
413 2815 490 2870 esset
511 2809 671 2870 acerrimus
691 2809 799 2882 bostis,
820 2808 1023 2870 libertinorum
1039 2807 1261 2888 propugnatori

207 2909 282 2972 furit
313 2904 422 2972 coutra'
447 2927 509 2972 rem
540 2911 688 2992 publicam
719 2917 747 2972 et
771 2902 926 2971 libertinos
953 2926 1008 2989 per
1035 2927 1134 2971 omnes
1160 2909 1258 2970 tribus
1329 2901 1330 2910 ’

208 3009 393 3072 distribuisse
419 3017 447 3071 et
472 3011 503 3072 in
529 3019 661 3074 senatum
693 3011 806 3090 legisse
834 3010 930 3072 fertur
948 3005 1017 3090 (²⁷),
1047 3010 1258 3072 dominationis

207 3111 400 3174 hauddubie
429 3111 550 3192 cupidus
580 3120 608 3174 et
634 3102 859 3175 domesticorum
887 3110 1099 3192 exemplorum,
1127 3111 1258 3172 maxime

205 3213 262 3294 Ap.
294 3211 412 3276 Claudii
444 3211 602 3274 decemuiri
627 3213 799 3276 aemulator.
849 3212 1023 3294 Quanquam
1048 3213 1080 3274 in
1106 3213 1259 3290 grauitate

205 3315 264 3377 riri
292 3312 495 3394 praedicanda
525 3312 631 3374 multus
664 3321 708 3376 est
736 3314 854 3389 Cicero,
888 3331 943 3376 nec
973 3313 1102 3375 fumasse
1133 3313 1256 3380 iniuria,

208 3413 281 3477 Gom
303 3414 379 3474 euim
403 3411 470 3476 fieri
489 3415 630 3495 potuerit,
656 3421 688 3476 ut
714 3416 819 3476 aetatis
846 3414 1004 3476 ferocioris
1029 3431 1146 3476 errores
1168 3431 1258 3476 seue-

206 3515 291 3576 ctutis
315 3515 483 3576 maturitate
503 3515 691 3591 tollerentur,
721 3517 871 3580 caecitatis
900 3517 978 3580 malo
1000 3515 1166 3600 prohibitus
1194 3532 1257 3577 non

207 3623 265 3690 est,
295 3633 353 3696 quo
382 3617 476 3677 minus
504 3618 712 3700 reipublicae
739 3627 862 3681 navaret
887 3636 1023 3700 operam,
1050 3618 1187 3698 idemque
1206 3617 1256 3678 'uu-

206 3725 323 3796 gentem
343 3715 458 3780 domum
479 3725 508 3780 et
527 3737 651 3798 maguus
669 3719 822 3802 clientelas
845 3738 936 3782 seucx
956 3727 985 3782 et
1006 3719 1112 3782 debilis
1133 3717 1258 3780 fortiter

205 3819 284 3881 rexit
308 3813 369 3896 (Β).
422 3817 483 3881 Sed
520 3821 646 3882 maxime
678 3820 817 3883 laudatur
855 3828 977 3903 propter
1007 3819 1113 3884 ioedus
1144 3819 1258 3899 Pyrrhi

274 3981 320 4050 21)
338 3979 401 4037 Liv.
414 3980 462 4036 lX.
475 3983 515 4041 29.
602 3983 648 4052 22)
668 3982 730 4039 biv.
742 3983 760 4040 l.
774 4001 797 4039 c.
819 3983 884 4040 Tac.
894 3985 965 4040 Ann.
981 3985 1002 4041 l.
1014 3987 1039 4040 d.
1064 3983 1141 4038 Suet.
1151 3981 1213 4036 Tib.
1226 3981 1256 4034 2.

204 4068 250 4136 23)
275 4068 331 4124 Cic.
349 4067 498 4136 cruere,
520 4069 564 4124 55.
651 4069 697 4136 24)
722 4069 785 4125 Liv.
804 4069 838 4126 X.
858 4070 898 4126 15.
985 4071 1032 4138 25)
1055 4068 1120 4124 niv.
1140 4065 1188 4120 lX.
1207 4066 1255 4121 33.

204 4152 250 4222 26)
266 4152 401 4206 Niebuhr.
424 4153 492 4208 liist
504 4154 537 4210 tt.
556 4155 612 4209 vol.
623 4153 667 4210 lll.
681 4173 708 4225 p.
720 4153 778 4210 362.
865 4155 911 4223 27)
930 4155 1063 4212 Niebuhr.
1077 4155 1095 4208 l.
1107 4171 1130 4210 c.
1148 4167 1176 4224 p.
1189 4150 1257 4207 345.

205 4237 252 4307 28)
271 4237 325 4294 otc.
343 4238 423 4296 'lucc
443 4237 478 4296 V.
496 4238 545 4308 38,
564 4239 623 4298 112.
650 4239 710 4296 Get.
728 4239 771 4297 M.
791 4240 837 4308 ll,
855 4241 898 4298 37.
