2660 4776
180 423 324 492 nnnvrs
347 419 646 508 nmunnurmn
667 424 770 493 nunt.
793 425 901 495 nrsn.
1003 431 1064 505 sn

19 535 21 620 l

19 633 20 684 f
49 596 124 658 lanus
147 615 172 658 a.
193 600 265 674 672,
296 596 329 662 G.
351 597 452 663 Mario
480 597 513 663 n.
536 597 571 662 1⁴¹·
593 606 622 663 et
643 595 695 662 Gn.
719 596 856 663 Carbone
883 601 1062 666 oonsulibus.

19 699 20 752 l
48 695 205 760 aedilitatem
230 700 322 778 igitur
343 707 372 762 et
391 707 574 781 praeturam,
603 717 727 782 qnorum
748 701 817 762 anni
837 703 1062 782 praeterierant,

48 814 92 857 non
113 799 217 879 petiuit,
242 807 275 862 ut
301 817 386 882 quem
413 800 452 863 ad
472 801 588 864 modum
608 799 762 882 Philippus
792 808 821 864 et
843 801 934 865 (indu
964 801 1062 866 dioere

19 955 20 976 p
48 906 180 974 possetne
206 901 267 963 siue
294 901 357 964 ullo
385 919 504 964 munere
531 901 630 965 omnia
657 902 714 965 uiri
740 901 872 965 Romano
899 901 1063 966 honorifica

47 995 165 1077 adeptum.
206 1001 266 1064 Sed
293 1009 344 1064 ant
370 1001 477 1066 Sullae
502 1021 561 1066 non
591 1005 662 1066 satis
691 1013 828 1087 aeoeptns
854 1003 911 1066 luit
936 1012 987 1066 aut
1008 1022 1061 1066 au·

48 1099 137 1174 gastim
155 1102 301 1181 petitionis
322 1101 436 1183 defugit
457 1111 500 1180 et,
524 1121 589 1168 enm
606 1105 659 1168 alii
679 1123 784 1188 perum
806 1105 888 1186 digni
910 1103 1062 1170 dictatoris

46 1195 161 1278 udragio
175 1201 212 1264 ad
222 1199 514 1268 summimhonorem
530 1207 757 1281 extollerentur,
775 1207 845 1284 alii,
861 1215 893 1270 ut
905 1205 939 1284 Q.
952 1206 1062 1281 Ofella,

46 1297 171 1363 anlaoianr
189 1303 308 1385 petendi
327 1313 421 1370 morte
442 1305 571 1383 luerent,
594 1308 783 1390 aodnsulatn
804 1307 973 1382 ambiendo,
995 1307 1063 1370 dnm

44 1397 110 1461 Sulla
132 1413 277 1486 superstes
306 1413 385 1482 erat,
412 1407 560 1472 abstinuit.
604 1409 650 1472 lta
674 1429 750 1473 anno
773 1409 886 1473 demum
907 1411 971 1473 679
998 1425 1063 1470 anm

43 1498 70 1558 l.
92 1501 198 1568 Osterio
226 1507 331 1570 nonnul
358 1507 454 1570 iaetus
483 1517 537 1572 est.
578 1510 633 1573 llis
661 1511 831 1574 oonsulibus
861 1510 905 1574 rei
931 1509 1061 1572 frumen-

42 1602 115 1664 tariae
133 1621 201 1669 nura
223 1615 311 1670 extra
332 1608 462 1672 ordinem
484 1609 659 1676 demandata
681 1611 751 1694 est(
773 1612 798 1694 ).
913 1625 916 1632 ’
958 1689 960 1695 Α

105 1705 159 1768 Sed
184 1709 312 1789 insignis
339 1710 442 1774 Guttae
470 1713 639 1775 consulatus
666 1716 791 1776 maxime
819 1731 855 1776 eo
882 1711 952 1786 init,
970 1705 1062 1792 ⁴quud

40 1801 81 1864 loo
94 1815 206 1872 anctore
222 1810 391 1874 tribunatus
406 1811 522 1874 maonlu
537 1814 717 1893 ignominiae
737 1815 880 1877 liberatus
898 1820 951 1888 est,
975 1829 1063 1894 qnam

39 1901 191 1984 inposuerat
204 1911 295 1975 Sulla
311 1911 437 1975 dictator
451 1913 591 1990 retundo,
608 1933 645 1977 ne
662 1917 713 1996 qni
728 1915 906 1978 tribunatum
923 1913 1065 1992 gessisset

39 2003 108 2068 ulium
130 2009 234 2075 deinde
256 2013 398 2076 honorem
422 2021 541 2093 gereret
555 2010 616 2094 (³).
661 2015 721 2078 Sed
744 2015 847 2096 quales
868 2014 978 2075 luerint
1000 2013 1062 2076 Au·

37 2104 111 2169 reliae
128 2109 211 2190 leges
233 2113 322 2190 illae,
352 2114 388 2177 de
410 2114 515 2196 quihus
538 2115 719 2195 adrogandis
745 2114 810 2196 ipse
837 2115 868 2175 in
890 2120 994 2174 senatu
1014 2127 1063 2174 re-

36 2205 117 2270 ulisse
138 2212 278 2278 Gioeroni
304 2215 411 2280 dieitur
429 2210 479 2296 (⁴)
506 2233 560 2278 neo
587 2215 673 2279 nubis
701 2222 832 2291 constat,
859 2231 914 2276 neo
936 2213 1063 2292 diligen·

36 2304 140 2373 tissimus
168 2317 299 2378 oratoris
324 2316 470 2400 interpres
497 2319 641 2382 Asconius
669 2316 748 2399 apud
774 2313 972 2380 Fenestellam
993 2311 1063 2378 Sal·

34 2402 131 2473 lustium
157 2415 312 2479 Liviumre
343 2419 463 2498 reperit,
510 2417 583 2481 Post
615 2418 798 2482 oonsmatum
832 2417 960 2480 Galliam
991 2431 1063 2495 pro-

35 2506 136 2575 numm
158 2517 302 2591 obtinuit3
328 2517 359 2578 in
381 2535 441 2597 qna
462 2535 526 2580 eam
547 2519 678 2582 studiose
699 2516 874 2598 triumphum
896 2522 1062 2596 quaereret,

34 2609 97 2672 anius
125 2615 207 2680 insta
235 2635 327 2680 nausa
357 2635 416 2680 non
449 2625 526 2694 erat,
556 2620 615 2702 ium
649 2619 767 2680 decreto
799 2619 913 2680 honore
940 2624 1063 2698 propter

32 2719 132 2776 nortem
154 2719 342 2798 repentinam
361 2717 422 2778 frui
443 2737 502 2780 uon
522 2719 645 2798 potuit(
669 2718 694 2797 ).

19 2851 20 2854 π
97 2813 280 2893 Causarum,
312 2835 387 2898 quas
418 2816 509 2893 dixit,
541 2835 656 2898 paneae
689 2835 802 2898 eaeque
832 2817 948 2878 nomine
979 2823 1063 2877 tenus

31 2919 100 2978 uotae
118 2927 198 2982 sunt.
243 2917 424 2980 Adolescens
451 2915 581 2978 defendit
603 2922 638 2974 P.
660 2917 801 2974 natatum
822 2913 996 2977 auunculum
1013 2909 1065 2994 (θ)

32 3018 65 3086 li,
92 3019 229 3098 quamuis
258 3034 356 3098 panea
383 3025 412 3078 et
441 3016 505 3076 sine
533 3021 659 3090 ornatu,
691 3022 788 3077 tamen
817 3013 949 3076 oratorie
981 3012 1064 3076 dixit.

29 3109 120 3182 lleinde
142 3125 251 3180 anatra
266 3119 417 3176 Ammiano
432 3117 558 3174 mulieris
577 3109 732 3176 dalmatam
754 3113 828 3176 dixit
846 3113 990 3179 Gieerone
1012 3112 1065 3176 de-

29 3211 159 3282 tendente:
185 3217 334 3282 dictatore
355 3217 418 3278 sine
440 3215 528 3278 dultin
551 3215 657 3292 Salla‚'
675 3234 760 3298 quern
776 3216 968 3279 Etruseorum
990 3233 1064 3296 gen-

27 3319 71 3378 ten
92 3321 308 3398 omnigenere
328 3317 499 3382 uiolentiae
513 3319 688 3381 exstinxisse
715 3318 835 3380 seimus:
863 3317 916 3380 sed
937 3336 1005 3380 num
1027 3335 1064 3380 ea

28 3419 89 3482 aetio
105 3423 137 3483 in
146 3423 209 3502 Ap.
222 3419 377 3484 Claudium
395 3427 423 3482 et
433 3421 466 3483 Ρ.
479 3420 636 3484 Servilium
649 3417 784 3482 eonsules
800 3417 911 3480 ineidat
924 3417 965 3496 (a
977 3419 1064 3498 675),

25 3533 89 3595 quae
103 3522 212 3602 Pighii
233 3521 378 3584 sententia
396 3528 453 3597 ast,
476 3538 514 3584 ex
529 3521 681 3586 Gineronis
698 3520 833 3582 oratione
853 3535 909 3599 pro
926 3517 1064 3592 Caenina,

26 3633 99 3696 quam
123 3629 270 3699 testatur,
297 3639 357 3684 non
379 3621 504 3684 eilioitur
519 3619 579 3702 (⁷).
623 3619 698 3682 Turn
724 3623 849 3678 narratae
873 3618 961 3680 uxori
982 3615 1066 3680 alluit

22 3737 72 3781 una
87 3740 151 3787 num
164 3725 313 3789 Cicerone
328 3724 359 3784 in
374 3722 483 3786 indioio
499 3723 616 3804 priuato
631 3719 681 3784 rel
693 3719 829 3794 maximo,
848 3737 912 3784 enm
925 3719 962 3798 Ge
973 3719 1064 3784 Curio

21 3833 68 3898 pro
94 3826 228 3906 petitore
257 3825 323 3890 Ser.
351 3823 465 3890 Naeuio
494 3822 607 3890 diceret
625 3815 687 3900 (Β).
730 3821 819 3886 Prior
846 3829 944 3914 autem
974 3837 1064 3882 nausa

21 3971 226 3994 ’,α-...-

79 4071 107 4140 2)
126 4073 189 4129 Cic.
206 4071 287 4126 Vere.
302 4073 399 4126 Aeeta.
416 4069 464 4128 lll.
479 4071 510 4139 7,
530 4071 569 4126 18.
656 4070 686 4138 ³)
704 4071 805 4124 Areon.
822 4065 860 4122 ad
872 4063 1066 4122 cornelianam

19 4169 41 4220 l·
58 4155 99 4214 66.
119 4156 214 4216 Orell.
303 4158 331 4226 l)
356 4158 374 4214 l.
398 4175 421 4213 e.
509 4157 538 4226 5)
564 4153 621 4212 cic.
642 4153 701 4210 Pis.
720 4153 762 4208 26.
850 4151 880 4220 6)
905 4149 966 4216 otc„
984 4145 1064 4204 Brut.

19 4235 60 4306 3⁰,
79 4242 140 4299 115.
235 4241 263 4328 7)
283 4241 339 4299 cic.
359 4240 440 4296 Gaea.
460 4240 501 4296 33.
588 4239 617 4308 8)
635 4239 691 4295 (lie.
708 4236 790 4296 Brut.
808 4237 857 4304 ot,
875 4233 936 4291 217.
1086 4242 1087 4253 ¹

764 4452 768 4460 ι
