2702 4768
246 423 313 500 30
406 417 555 492 atavis
577 419 874 504 nicopolitas
895 413 999 490 ROM.
1023 415 1131 491 flts‘i.

245 600 381 662 oratione
403 573 620 660 commendasse
639 603 690 658 ant
706 594 847 660 adversas
863 595 1047 658 inimicorum
1063 598 1290 661 obtrectationes

244 700 411 764 defendisse
433 699 534 780 Scipio
561 697 655 761 videri
682 705 789 780 potest.
832 698 885 759 llis
913 699 1047 766 omnibns
1075 701 1229 781 antiquior
1251 709 1292 763 est

245 803 342 865 contio
370 810 520 879 postquam
550 819 587 859 ac
607 801 712 874 Attico
738 799 837 873 ccdiit3
865 800 968 861 habita
994 798 1072 862 enim
1098 821 1125 863 a.
1149 805 1244 882 608(
1269 806 1290 883 l.

244 903 304 969 Sed
330 910 399 984 post
426 919 580 976 censuram
607 909 635 963 et
657 901 839 963 consulatum
860 900 984 962 alterum
1005 901 1108 964 habita
1129 906 1232 968 oratio
1252 911 1292 966 cst

244 1013 343 1080 contro
378 1005 465 1080 lcpcoa
496 1006 644 1079 cpsacioaa
681 1007 726 1062 at.
762 1003 896 1073 Gcocolti,
934 1003 1044 1084 quippe
1075 1023 1103 1068 a.
1136 1006 1202 1069 625
1231 1001 1291 1086 (⁸⁷).

243 1107 397 1169 Postrema
429 1105 555 1166 omnium
587 1111 632 1168 est
662 1104 804 1163 dtsscceto
838 1103 916 1179 lepte
937 1108 1075 1182 Papiriae
1104 1105 1141 1168 de
1166 1109 1290 1170 tribunis

242 1205 425 1279 reiciendis,
452 1205 568 1280 eodem,
592 1223 650 1286 quo
673 1205 823 1285 superior,
846 1221 922 1266 anno
944 1205 1054 1266 hahita.
1098 1206 1164 1269 Etsi
1185 1225 1226 1271 ea
1245 1227 1290 1271 ros

243 1305 399 1369 admodum
427 1307 581 1387 popularis
608 1305 777 1380 videbatur,
802 1311 835 1366 ut
861 1305 972 1386 popolo
1001 1307 1148 1370 tribunum
1177 1312 1291 1391 qnotios

142 1396 144 1401 ’
242 1408 334 1472 vellet
354 1405 476 1468 relicere
497 1407 614 1482 liceret,
636 1415 733 1470 tamen
750 1406 886 1470 Africani
904 1413 932 1467 et
943 1407 1041 1468 Laelii
1058 1409 1088 1469 in
1106 1409 1291 1473 dissuasione

244 1509 391 1572 'sociorum
411 1510 572 1570 auctoritas
591 1507 701 1584 effecit,
723 1525 760 1570 ne
776 1503 1034 1590 perterretur(⁸⁸).
1070 1509 1161 1574 Gnios
1180 1514 1289 1575 oratio-

243 1611 289 1672 nis
321 1609 395 1670 nilil
426 1609 561 1671 relictum
596 1618 639 1672 est
673 1618 792 1692 practer
825 1601 997 1690 nesponsnm
1028 1608 1159 1674 Carboni
1195 1613 1290 1676 damna

244 1711 292 1772 Ti.
316 1711 478 1774 Gracchum
506 1713 571 1774 inre
597 1729 714 1774 caesum
742 1711 851 1774 videri:
881 1713 929 1773 cni
953 1729 1097 1794 responso
1128 1721 1290 1776 comesset

244 1813 450 1888 acclamatum,
475 1813 566 1892 longe
594 1814 680 1876 etiam
707 1813 813 1875 lortius
842 1813 1010 1894 respondit,
1041 1823 1074 1876 ut
1101 1814 1196 1878 refert
1221 1816 1288 1880 Vel·

242 1915 319 1976 leins
330 1909 395 1992 (⁸⁸).
429 1914 489 1978 Sed
507 1913 664 1995 praeterea
674 1930 746 1996 pars
758 1915 842 1976 nulla
852 1916 938 1977 luins
951 1917 1093 1978 orationis
1107 1925 1220 1993 exstet,
1237 1918 1289 1979 etsi

242 2015 395 2078 Ciceronis
412 2023 509 2078 aetate
525 2017 631 2078 lectam
652 2034 717 2079 esse
734 2017 818 2079 locus
835 2017 898 2078 eius
915 2017 946 2078 in
962 2017 1068 2079 Laelio
1085 2018 1203 2080 videtne
1220 2037 1288 2100 pro-

241 2119 315 2180 bare
327 2113 392 2198 (⁸⁹).
435 2117 497 2180 Nee
518 2123 706 2179 accusationis
727 2122 763 2176 L.
785 2119 882 2178 dottoc
900 2119 1054 2198 quicquam
1075 2119 1212 2182 relictum
1234 2129 1287 2193 est3

242 2219 295 2280 scd
327 2219 399 2280 duas
431 2221 593 2300 particulas
625 2221 803 2281 incertarum
830 2220 995 2282 orationum
1022 2219 1155 2284 isidorus
1181 2221 1286 2304 Hispa-

241 2320 333 2380 lensis
355 2321 474 2381 retinuit
494 2321 621 2400 simplici
642 2319 771 2382 candore
791 2321 924 2399 eximia(
949 2325 974 2402 ).

716 2485 743 2568 i·
768 2487 817 2552 15.

615 2601 645 2658 Ο.
665 2600 777 2656 Laelius
795 2603 921 2675 Sapiens.

329 2725 359 2782 G.
382 2725 499 2784 Laetius
519 2722 596 2784 iilius
617 2725 679 2786 cius
703 2725 734 2789 G.
751 2727 850 2789 Laelii
867 2727 938 2802 luit,
964 2745 1047 2808 qoem
1065 2721 1171 2808 Scipio
1187 2730 1286 2792 Maior

240 2826 270 2886 in
291 2827 380 2887 rebus
400 2825 562 2905 Hispaniae
583 2825 663 2888 hello
686 2829 893 2910 componendis
914 2830 1104 2911 praecipuum
1126 2829 1285 2893 adiutorem

239 2928 350 2988 habuit.
400 2928 428 2990 Is
458 2927 532 2988 enim
561 2945 625 2989 cum
657 2931 759 2992 consul
785 2931 875 2992 fuerit
901 2949 929 2993 a.
957 2931 1035 3004 565,
1067 2930 1134 3005 ille,
1164 2931 1199 2993 de
1226 2951 1282 3012 qno

239 3037 494 3104 nostracismos,
521 3037 607 3091 natos
627 3032 763 3094 videatur
790 3051 817 3093 a.
840 3031 902 3096 567
924 3033 973 3095 vel
994 3033 1074 3095 568:
1104 3041 1186 3094 aetas
1207 3042 1284 3095 certo
1339 3053 1340 3120 p

308 3243 353 3310 86)
371 3243 469 3296 Festus
486 3249 681 3318 cccccccccc.
768 3243 815 3312 87)
834 3246 880 3300 Sic
898 3247 1069 3301 scribendum
1088 3247 1161 3316 apud
1175 3245 1282 3302 Macro·

237 3329 310 3382 bitom
325 3329 433 3380 Saturni
450 3325 484 3379 ll.
500 3321 554 3393 10..
573 3343 627 3396 quo
647 3327 710 3381 loco
727 3329 810 3400 volgo
830 3331 928 3402 legitor
946 3332 1160 3396 iudiciariam,
1178 3335 1282 3402 qualem
1339 3383 1340 3390 ,

238 3429 376 3482 nonquam
394 3411 436 3466 Ti.
454 3411 593 3464 Gracchus
616 3412 685 3468 tolit.
722 3414 809 3468 Recte
837 3415 890 3470 hoc
913 3416 1046 3489 Meyecus
1072 3417 1136 3471 olim
1164 3435 1189 3488 p.
1211 3419 1281 3474 105.:
1339 3423 1340 3484 ᾗ

238 3513 310 3551 nunc
328 3495 397 3550 enim
421 3497 448 3550 in
466 3497 520 3550 clia
539 3497 629 3552 omnia
647 3497 711 3552 abiit
734 3519 761 3571 p.
780 3499 837 3555 191.
862 3502 911 3556 sed
926 3504 997 3556 male
1019 3503 1083 3557 olion
1103 3501 1132 3556 0.
1158 3501 1283 3560 Gracchi
1339 3571 1340 3578 ἶ

237 3583 359 3654 scripsit:
384 3583 407 3638 is
430 3585 502 3638 enim
527 3601 599 3639 anno
622 3585 729 3640 demum
746 3586 799 3641 ota
822 3587 944 3642 tribunus
966 3589 1015 3643 luit
1039 3605 1091 3642 nec
1108 3589 1197 3659 leges,
1222 3607 1280 3644 cum
1339 3603 1340 3644 ξ

238 3682 294 3744 ¹tlon
313 3675 385 3722 esset
401 3669 429 3721 in
446 3671 616 3740 magistratu,
634 3671 708 3726 ferre
726 3673 822 3742 potuit.
859 3673 909 3730 Est
926 3691 995 3730 vero
1014 3673 1053 3726 it.
1068 3672 1184 3727 Gracchi
1202 3684 1280 3733 vetus
1339 3741 1340 3746 Ἰ

236 3753 299 3819 illa,
326 3763 533 3824 quamsenatus
552 3756 723 3812 tollerenon
742 3766 919 3826 enatandis,
946 3759 995 3814 sed
1013 3749 1214 3813 difficultatibus
1233 3761 1279 3815 ob·
1339 3749 1340 3782 ³

236 3839 362 3893 liciendis
386 3839 471 3894 elusit.
507 3839 661 3896 Manebant
679 3851 768 3898 etitem
793 3846 927 3900 tciomviri
950 3845 1022 3916 agnis
1042 3843 1137 3897 dandis
1159 3845 1218 3916 lego
1238 3845 1277 3900 Ti.
1339 3895 1340 3914 ἒ

236 3924 371 3993 Gracchi,
396 3941 510 3996 quorsom
526 3927 609 3982 Gaius
632 3928 717 3984 irater
735 3935 822 3997 erat3'
837 3931 865 3985 id
889 3940 963 3984 recto
987 3929 1094 3984 notavit
1110 3929 1200 3984 Scitol.
1217 3930 1277 3986 Vat.

236 4011 272 4066 'ad
289 4011 344 4068 Cic.
361 4011 422 4068 Mil.
441 4011 466 4080 7,
481 4013 505 4068 2.
591 4013 637 4083 88)
655 4015 726 4068 Veli.
739 4015 771 4069 ll.
782 4019 807 4072 4,
843 4016 945 4069 Tamen
958 4015 1089 4069 incertum
1108 4023 1149 4068 est
1164 4031 1196 4068 att
1209 4015 1277 4072 sorte

236 4113 270 4150 ca
287 4114 331 4152 nes
356 4097 391 4150 ad
408 4097 496 4168 legem
515 4099 647 4154 Carbonis
671 4099 841 4155 cephallaniam
866 4099 902 4153 od
925 4101 1043 4156 aliamve
1064 4099 1195 4170 quandam
1217 4119 1275 4173 pcr-

236 4181 329 4237 tineot.
416 4182 462 4251 89)
481 4183 560 4242 Lael.
574 4185 624 4252 25',
639 4185 681 4240 96.
773 4184 818 4254 90)
838 4181 933 4256 Origg.
950 4185 981 4240 ll.
995 4187 1037 4241 at.
1071 4185 1101 4240 ln
1117 4187 1202 4241 altero
1219 4205 1275 4241 ccc·

235 4267 294 4338 rige
315 4270 464 4338 tapratiis.
