2646 4772
259 469 361 544 ³⁰8
656 462 915 532 GlllllllONlS

260 634 396 704 Crassus
426 647 457 703 et
483 633 609 702 Lentuli
638 634 714 718 duo)
744 634 865 722 primas
890 635 924 700 in
949 635 1056 700 causis
1084 631 1203 720 agebat
1233 629 1300 698 Hor·

258 757 398 834 tensius;
430 755 533 840 magis
568 755 733 841 magisque
768 751 883 820 cotidie
916 752 1108 839 probabatur
1138 753 1300 827 Antistius

257 872 333 941 Piso
355 893 451 960 saepe
474 871 613 951 dicebat,
635 873 737 938 minus
760 890 856 958 saepe
876 869 1079 958 Pomponius,
1101 889 1178 936 raro
1195 866 1301 944 Carbo,

259 991 358 1064 semel
387 1000 440 1058 aut
466 993 575 1058 iterum
604 987 774 1078 Philippus.
818 991 860 1056 At
887 1009 963 1056 uero
992 1009 1052 1076 ego
1080 988 1141 1056 boc
1170 998 1301 1076 tempore

260 1110 345 1176 omni
370 1118 479 1176 noctes
507 1118 537 1175 et
559 1108 628 1176 dies
656 1111 690 1174 in
717 1107 851 1174 omnium
876 1107 1086 1176 doctrinarum
1106 1105 1301 1172 meditatione

258 1226 421 1294 versabar.
470 1226 543 1292 309.
578 1223 675 1292 Eram
709 1244 778 1292 cum
812 1223 921 1293 Stoico
947 1224 1097 1304 Diodoto,
1134 1226 1203 1310 qui,
1244 1241 1301 1290 cum

258 1343 466 1412 habitavisset
489 1345 570 1432 apud
593 1364 642 1412 me
664 1364 846 1431 mecumque
867 1345 1014 1422 uixisset,
1036 1361 1135 1430 nuper
1155 1352 1205 1408 est
1229 1341 1300 1409 domi

259 1482 350 1530 meae
379 1473 527 1530 mortuus.
576 1481 683 1549 aquo
711 1483 779 1530 cum
810 1465 843 1528 in
872 1462 947 1529 aliis
974 1461 1069 1528 rebus
1097 1470 1162 1526 tum
1193 1460 1300 1526 studio-

261 1582 396 1646 sissume
425 1583 458 1647 in
480 1579 647 1648 dialectica
667 1580 855 1660 exercebar,
882 1600 963 1668 quae
985 1582 1077 1666 quasi
1098 1585 1300 1646 contrectaret

262 1675 392 1770 astricta
413 1698 593 1786 eloquentia
614 1699 752 1788 putanda
769 1708 831 1767 est:
855 1701 923 1766 sine
943 1719 1006 1786 qua
1021 1700 1116 1766 etiam
1136 1708 1184 1778 tu,
1206 1695 1300 1772 Brute,

260 1817 440 1886 iudicavisti
460 1827 490 1884 te
513 1815 602 1884 illam
622 1821 736 1884 iustam
753 1817 979 1904 eloquentiam,
1001 1836 1093 1904 quam
1111 1815 1301 1882 dialecticam

262 1933 424 2002 dilatatam
456 1955 528 2002 esse
559 1945 681 2026 putant,
713 1939 865 2024 consequi
896 1956 959 2002 non
984 1954 1090 2023 posse.
1141 1932 1223 2001 Huic
1249 1952 1299 2018 ego

261 2053 382 2121 doctori
404 2064 435 2122 et
453 2055 521 2120 eius
538 2053 657 2120 artibus
674 2056 774 2122 uariis
793 2064 885 2142 atque
908 2053 1012 2119 multis
1034 2056 1080 2120 ita
1098 2071 1188 2119 eram
1208 2061 1301 2118 tamen

261 2171 397 2250 deditus,
415 2181 447 2238 ut
467 2171 508 2238 ab
526 2172 802 2240 exercitationibus
820 2173 968 2239 oratoriis
983 2169 1088 2238 nullus
1106 2170 1177 2237 dies
1193 2169 1318 2244 vacuus}

261 2299 356 2356 esset.
389 2289 461 2356 310.
484 2287 725 2356 Commentabar
746 2289 952 2358 declamitans
974 2290 1036 2372 (sic
1058 2290 1143 2355 enim
1163 2308 1243 2356 nuno
1259 2288 1302 2354 lo·

262 2408 407 2494 quuntur)
435 2426 531 2497 saepe
558 2429 627 2475 cum
657 2407 703 2474 Μ.
724 2407 840 2477 Pisone
871 2417 903 2476 et
929 2405 1058 2487 cqu
1081 2405 1231 2494 Pompeio
1256 2412 1302 2472 aut

262 2543 333 2590 cum
356 2523 461 2610 aliquo
484 2527 614 2606 cotidie;
635 2527 728 2614 idque
751 2527 908 2596 faciebam
930 2526 1056 2594 multum
1078 2527 1174 2592 etiam
1189 2523 1299 2597 Latine,

264 2640 322 2708 sed
345 2639 466 2710 Graece
489 2647 631 2731 saepius:
654 2645 703 2712 uel
725 2646 808 2732 quod
831 2643 956 2712 Graeca
976 2646 1077 2712 oratio
1102 2644 1196 2732 plura
1217 2661 1299 2710 ome-

148 2770 150 2774 ’
263 2769 368 2826 menta
389 2762 590 2850 suppeditans
613 2763 867 2832 consuetudinem
889 2763 1034 2832 similiter
1050 2759 1165 2830 Latine
1188 2758 1300 2828 dicendi

264 2877 415 2945 afferebat
429 2879 481 2946 vel
493 2880 575 2967 quod
588 2900 608 2947 a
619 2879 751 2948 Graecis
768 2886 895 2950 summis
907 2879 1097 2960 doctoribus,
1113 2883 1178 2948 nisi
1190 2879 1299 2946 Graece

264 2995 415 3076 dicerem,
446 3018 547 3084 neque
576 3001 692 3085 corrigi
714 3021 840 3087 possem
861 3021 962 3088 neque
985 3000 1102 3068 doceri.
1146 2999 1218 3064 311.
1242 2995 1300 3062 Tu-

332 3199 393 3255 308.
429 3199 552 3269 cotidie]
569 3201 609 3255 slc
627 3195 676 3272 13.
692 3200 734 3257 51.
751 3199 794 3256 53.
811 3199 853 3256 70.
878 3196 936 3256 Οῑι.
960 3217 1013 3258 om.
1032 3199 1076 3256 ed.
1088 3215 1134 3270 pr.
1152 3225 1187 3238 —-
1204 3191 1299 3270 proda-

264 3283 363 3352 datur]
375 3283 523 3356 prodatur
541 3285 584 3340 ed.
602 3302 644 3356 pr.

305 3419 307 3423 .
334 3367 394 3424 300.
430 3367 578 3439 Diodoto]
597 3370 724 3426 diodoro
741 3368 791 3441 Lg.
805 3368 847 3424 20.
861 3368 903 3424 35.
919 3367 962 3422 53.
978 3367 1020 3424 50.
1034 3366 1078 3424 08.
1093 3367 1137 3423 70.
1162 3367 1205 3422 ed.
1219 3381 1256 3436 pr.
1267 3393 1298 3402 -

263 3453 348 3529 apud
364 3471 412 3508 me
423 3457 605 3526 mecumque]
623 3453 706 3528 apud
718 3471 767 3508 me
776 3473 785 3507 .·
795 3471 861 3509 mum
874 3453 985 3520 Quium
1004 3453 1047 3510 ed.
1057 3469 1114 3524 pr.;
1132 3451 1184 3524 hg.
1202 3455 1298 3523 praeter

263 3539 307 3596 51.
325 3538 367 3594 53.
385 3539 427 3597 70.
457 3555 505 3594 mc
522 3541 637 3595 altorum
655 3540 840 3595 omittunt—
866 3539 1004 3606 aulneto]
1022 3538 1083 3592 slne
1101 3537 1123 3590 d
1138 3537 1189 3609 lug.
1208 3549 1297 3595 omnes,

263 3621 771 3680 uen.1.n.ttu.1.0m.vm
735 3623 969 3694 dilatatam]
990 3623 1121 3679 dilatam
1138 3621 1187 3694 113.
1208 3631 1297 3680 omntlt

264 3706 309 3761 ed.
327 3724 369 3777 pr.
405 3707 552 3762 dilectam
578 3709 630 3766 Gu.
650 3709 674 3766 1.
710 3707 742 3762 ln
765 3707 816 3780 bg.
836 3707 871 3763 39
889 3725 960 3764 corr.
983 3725 1048 3762 esse
1068 3707 1246 3768 dilatatam
1265 3704 1313 3756 lit

215 3845 217 3854 s
262 3789 360 3846 hamb.
379 3789 541 3861 Meyer.-
566 3806 651 3848 eram
666 3794 781 3862 tameo]
799 3809 884 3848 cram
902 3801 966 3848 tum
981 3795 1046 3848 Aac.

333 3875 392 3931 310.
429 3875 596 3948 loquuntur]
615 3878 752 3934 locuntur
768 3876 821 3950 Lg.
834 3879 876 3933 20.
890 3879 932 3932 35.
966 3878 1115 3948 loquimur
1131 3876 1183 3932 Gn.
1199 3876 1221 3930 l.
1237 3867 1293 3927 lmul

261 3960 362 4033 lnepte.
373 3991 408 4007 ·-
427 3962 540 4032 aliquo]
553 3963 616 4018 alto
626 3962 793 4034 Hereum»-
810 3962 933 4032 cotidie]
946 3961 1152 4035 5151135350.
1171 3957 1292 4016 octob-
1311 4011 1312 4016 ,

260 4045 419 4116 afferebat]
442 4045 567 4116 afferret
590 4047 678 4100 voluit
696 4045 776 4113 llrn„
800 4055 917 4119 propter
938 4047 1128 4104 coniunctivos
1150 4039 1312 4115 sequenlrstss

259 4131 309 4188 sed
330 4130 358 4184 lri
376 4133 419 4187 sul
436 4131 503 4186 luris
519 4139 582 4186 sunt
599 4139 628 4186 et
644 4131 821 4188 conditionali
841 4149 914 4188 nexu
936 4134 1009 4188 inter
1027 4150 1059 4187 se
1076 4132 1253 4187 continentur.
1269 4150 1291 4163 *

257 4217 387 4284 possem]
406 4214 456 4286 bg.
475 4231 569 4270 omnes
588 4223 616 4269 et
634 4215 686 4269 Gu.
702 4216 725 4272 1.
740 4216 765 4271 2.
779 4221 917 4290 possim,-
935 4219 964 4274 in
981 4217 1015 4272 35
1029 4233 1099 4273 corr.
1115 4230 1241 4290 possem.

327 4297 386 4353 311.
419 4314 476 4368 pro
489 4299 707 4376 recuperando]
721 4317 780 4372 pro
797 4319 851 4359 om.
866 4302 917 4375 lug.
930 4319 1040 4370 omncs,
1054 4301 1168 4368 Veneti,
1181 4292 1286 4355 Romani
1308 4317 1311 4400 p

1304 4619 1310 4748 l
