<?xml version="1.0" encoding="UTF-8"?>
<!DOCTYPE html PUBLIC "-//W3C//DTD XHTML 1.0 Transitional//EN"
    "http://www.w3.org/TR/xhtml1/DTD/xhtml1-transitional.dtd">
<html xmlns="http://www.w3.org/1999/xhtml" xml:lang="en" lang="en">
 <head>
  <title>
</title>
<meta http-equiv="Content-Type" content="text/html;charset=utf-8" />
  <meta name='ocr-system' content='tesseract 3.04.00' />
  <meta name='ocr-capabilities' content='ocr_page ocr_carea ocr_par ocr_line ocrx_word'/>
</head>
<body>
  <div class='ocr_page' id='page_1' title='image "./brutussivedecla00cicegoog/brutussivedecla00cicegoog_0463.png"; bbox 0 0 2644 4774; ppageno 0'>
   <div class='ocr_carea' id='block_1_1' title="bbox 262 385 1156 471">
    <p class='ocr_par' dir='ltr' id='par_1_1' title="bbox 262 385 1156 471">
     <span class='ocr_line' id='line_1_1' title="bbox 262 385 1156 471; baseline 0.01 -17"><span class='ocrx_word' id='word_1_1' title='bbox 262 385 432 456; x_wconf 85' lang='lat' dir='ltr'>RERUM</span> <span class='ocrx_word' id='word_1_2' title='bbox 453 387 501 456; x_wconf 89' lang='lat' dir='ltr'><strong>IN</strong></span> <span class='ocrx_word' id='word_1_3' title='bbox 522 387 644 456; x_wconf 78' lang='lat' dir='ltr'><strong>ttts&#39;t.</strong></span> <span class='ocrx_word' id='word_1_4' title='bbox 667 385 807 471; x_wconf 74' lang='lat' dir='ltr'><strong>talou.</strong></span> <span class='ocrx_word' id='word_1_5' title='bbox 827 387 999 456; x_wconf 82' lang='lat' dir='ltr'><strong>EXPLL.</strong></span> <span class='ocrx_word' id='word_1_6' title='bbox 1061 391 1156 462; x_wconf 75' lang='grc'><strong>443</strong></span> 
     </span>
    </p>
   </div>
   <div class='ocr_carea' id='block_1_2' title="bbox 61 555 1005 956">
    <p class='ocr_par' dir='ltr' id='par_1_2' title="bbox 112 555 928 613">
     <span class='ocr_line' id='line_1_2' title="bbox 112 555 928 613; baseline 0 -1"><span class='ocrx_word' id='word_1_7' title='bbox 112 555 226 613; x_wconf 71' lang='grc' dir='ltr'><strong>Ἠίίπία</strong></span> <span class='ocrx_word' id='word_1_8' title='bbox 244 574 262 611; x_wconf 84' lang='lat' dir='ltr'><strong>a</strong></span> <span class='ocrx_word' id='word_1_9' title='bbox 279 556 362 613; x_wconf 83' lang='lat' dir='ltr'><strong>Cotta</strong></span> <span class='ocrx_word' id='word_1_10' title='bbox 377 557 476 612; x_wconf 88' lang='lat' dir='ltr'><strong>marito</strong></span> <span class='ocrx_word' id='word_1_11' title='bbox 496 562 524 611; x_wconf 84' lang='lat' dir='ltr'><strong>ei</strong></span> <span class='ocrx_word' id='word_1_12' title='bbox 539 556 675 611; x_wconf 79' lang='lat' dir='ltr'><strong>Cicerone</strong></span> <span class='ocrx_word' id='word_1_13' title='bbox 694 556 809 612; x_wconf 78' lang='lat' dir='ltr'><strong>defensa</strong></span> <span class='ocrx_word' id='word_1_14' title='bbox 824 557 867 612; x_wconf 80' lang='grc'><strong>30.</strong></span> <span class='ocrx_word' id='word_1_15' title='bbox 885 557 928 612; x_wconf 67' lang='grc'><strong>30.</strong></span> 
     </span>
    </p>

    <p class='ocr_par' dir='ltr' id='par_1_3' title="bbox 111 640 440 698">
     <span class='ocr_line' id='line_1_3' title="bbox 111 640 440 698; baseline 0.003 -2"><span class='ocrx_word' id='word_1_16' title='bbox 111 640 140 696; x_wconf 79' lang='grc'><strong>0.</strong></span> <span class='ocrx_word' id='word_1_17' title='bbox 162 641 260 697; x_wconf 66' lang='lat' dir='ltr'><strong>Titius</strong></span> <span class='ocrx_word' id='word_1_18' title='bbox 279 651 374 698; x_wconf 87' lang='lat' dir='ltr'><strong>orator</strong></span> <span class='ocrx_word' id='word_1_19' title='bbox 390 642 440 697; x_wconf 65' lang='lat' dir='ltr'><strong>33.l</strong></span> 
     </span>
    </p>

    <p class='ocr_par' dir='ltr' id='par_1_4' title="bbox 107 725 1005 888">
     <span class='ocr_line' id='line_1_4' title="bbox 108 725 1005 784; baseline 0 0"><span class='ocrx_word' id='word_1_20' title='bbox 108 725 181 784; x_wconf 73' lang='lat' dir='ltr'><strong>Sera.</strong></span> <span class='ocrx_word' id='word_1_21' title='bbox 206 727 305 784; x_wconf 72' lang='lat' dir='ltr'><strong>litias</strong></span> <span class='ocrx_word' id='word_1_22' title='bbox 322 727 467 783; x_wconf 84' lang='lat' dir='ltr'><strong>seditiosus</strong></span> <span class='ocrx_word' id='word_1_23' title='bbox 484 725 526 781; x_wconf 82' lang='grc'><strong>33.</strong></span> <span class='ocrx_word' id='word_1_24' title='bbox 545 758 579 768; x_wconf 87' lang='lat'>-</span> <span class='ocrx_word' id='word_1_25' title='bbox 602 727 630 782; x_wconf 91' lang='lat' dir='ltr'><strong>in</strong></span> <span class='ocrx_word' id='word_1_26' title='bbox 650 745 710 783; x_wconf 86' lang='lat' dir='ltr'><strong>enm</strong></span> <span class='ocrx_word' id='word_1_27' title='bbox 729 729 817 783; x_wconf 85' lang='lat' dir='ltr'><strong>oratio</strong></span> <span class='ocrx_word' id='word_1_28' title='bbox 835 729 947 784; x_wconf 84' lang='lat' dir='ltr'><strong>Antonii</strong></span> <span class='ocrx_word' id='word_1_29' title='bbox 963 727 1005 784; x_wconf 68' lang='lat'><strong>26.</strong></span> 
     </span>
     <span class='ocr_line' id='line_1_5' title="bbox 107 811 851 888; baseline 0.005 -22"><span class='ocrx_word' id='word_1_30' title='bbox 107 813 144 866; x_wconf 87' lang='lat' dir='ltr'><strong>de</strong></span> <span class='ocrx_word' id='word_1_31' title='bbox 166 811 328 888; x_wconf 61' lang='lat' dir='ltr'><strong>Triumpho</strong></span> <span class='ocrx_word' id='word_1_32' title='bbox 347 829 399 868; x_wconf 91' lang='lat' dir='ltr'><strong>suo</strong></span> <span class='ocrx_word' id='word_1_33' title='bbox 416 813 508 870; x_wconf 89' lang='lat' dir='ltr'><strong>contio</strong></span> <span class='ocrx_word' id='word_1_34' title='bbox 525 811 636 870; x_wconf 80' lang='lat' dir='ltr'>Metelli</span> <span class='ocrx_word' id='word_1_35' title='bbox 653 813 791 870; x_wconf 81' lang='lat' dir='ltr'><strong>Numidici</strong></span> <span class='ocrx_word' id='word_1_36' title='bbox 807 814 851 870; x_wconf 74' lang='lat'><strong>23.</strong></span> 
     </span>
    </p>

    <p class='ocr_par' dir='ltr' id='par_1_5' title="bbox 61 896 387 956">
     <span class='ocr_line' id='line_1_6' title="bbox 61 896 387 956; baseline 0.012 -4"><span class='ocrx_word' id='word_1_37' title='bbox 61 921 67 932; x_wconf 93' lang='lat'>·</span> <span class='ocrx_word' id='word_1_38' title='bbox 108 896 152 952; x_wconf 88' lang='grc' dir='ltr'><strong>Μ.</strong></span> <span class='ocrx_word' id='word_1_39' title='bbox 175 896 343 956; x_wconf 79' lang='lat' dir='ltr'><strong>lirditanus</strong></span> <span class='ocrx_word' id='word_1_40' title='bbox 361 897 387 956; x_wconf 88' lang='grc'><strong>0.</strong></span> 
     </span>
    </p>
   </div>
   <div class='ocr_carea' id='block_1_3' title="bbox 109 1151 1018 1310">
    <p class='ocr_par' dir='ltr' id='par_1_6' title="bbox 109 1151 1018 1310">
     <span class='ocr_line' id='line_1_7' title="bbox 115 1151 1018 1224; baseline 0 -17"><span class='ocrx_word' id='word_1_41' title='bbox 115 1151 219 1209; x_wconf 80' lang='lat' dir='ltr'><strong>Uliaes</strong></span> <span class='ocrx_word' id='word_1_42' title='bbox 238 1162 266 1208; x_wconf 89' lang='lat' dir='ltr'><strong>et</strong></span> <span class='ocrx_word' id='word_1_43' title='bbox 282 1151 386 1208; x_wconf 88' lang='lat' dir='ltr'><strong>Nestor</strong></span> <span class='ocrx_word' id='word_1_44' title='bbox 404 1151 531 1222; x_wconf 82' lang='lat' dir='ltr'><strong>exempla</strong></span> <span class='ocrx_word' id='word_1_45' title='bbox 548 1151 721 1223; x_wconf 80' lang='lat' dir='ltr'><strong>eloquentiae</strong></span> <span class='ocrx_word' id='word_1_46' title='bbox 739 1153 813 1224; x_wconf 83' lang='lat' dir='ltr'><strong>opud</strong></span> <span class='ocrx_word' id='word_1_47' title='bbox 828 1153 975 1210; x_wconf 81' lang='lat' dir='ltr'><strong>Homerum</strong></span> <span class='ocrx_word' id='word_1_48' title='bbox 996 1155 1018 1207; x_wconf 94' lang='lat' dir='ltr'><strong>l.</strong></span> 
     </span>
     <span class='ocr_line' id='line_1_8' title="bbox 109 1235 813 1310; baseline 0.003 -17"><span class='ocrx_word' id='word_1_49' title='bbox 109 1255 162 1310; x_wconf 83' lang='lat' dir='ltr'><strong>pro</strong></span> <span class='ocrx_word' id='word_1_50' title='bbox 186 1235 329 1296; x_wconf 73' lang='lat' dir='ltr'><strong>Urbiniae</strong></span> <span class='ocrx_word' id='word_1_51' title='bbox 344 1237 492 1293; x_wconf 78' lang='lat' dir='ltr'><strong>heredibus</strong></span> <span class='ocrx_word' id='word_1_52' title='bbox 511 1237 600 1293; x_wconf 86' lang='lat' dir='ltr'><strong>oratio</strong></span> <span class='ocrx_word' id='word_1_53' title='bbox 618 1237 754 1294; x_wconf 90' lang='lat' dir='ltr'><strong>Pollionis</strong></span> <span class='ocrx_word' id='word_1_54' title='bbox 771 1238 813 1295; x_wconf 86' lang='grc'><strong>53.</strong></span> 
     </span>
    </p>
   </div>
   <div class='ocr_carea' id='block_1_4' title="bbox 112 1491 673 1550">
    <p class='ocr_par' dir='ltr' id='par_1_7' title="bbox 112 1491 673 1550">
     <span class='ocr_line' id='line_1_9' title="bbox 112 1491 673 1550; baseline 0.002 -3"><span class='ocrx_word' id='word_1_55' title='bbox 112 1491 158 1548; x_wconf 87' lang='grc' dir='ltr'><strong>Μ.</strong></span> <span class='ocrx_word' id='word_1_56' title='bbox 186 1492 321 1548; x_wconf 72' lang='lat' dir='ltr'><strong>Valesius</strong></span> <span class='ocrx_word' id='word_1_57' title='bbox 338 1492 497 1549; x_wconf 77' lang='lat' dir='ltr'><strong>Maaimas</strong></span> <span class='ocrx_word' id='word_1_58' title='bbox 513 1495 632 1550; x_wconf 87' lang='lat' dir='ltr'><strong>dictator</strong></span> <span class='ocrx_word' id='word_1_59' title='bbox 647 1495 673 1550; x_wconf 87' lang='grc'><strong>0.</strong></span> 
     </span>
    </p>
   </div>
   <div class='ocr_carea' id='block_1_5' title="bbox 109 1561 1015 1822">
    <p class='ocr_par' dir='ltr' id='par_1_8' title="bbox 109 1561 1015 1822">
     <span class='ocr_line' id='line_1_10' title="bbox 110 1561 1015 1652; baseline 0.002 -20"><span class='ocrx_word' id='word_1_60' title='bbox 110 1577 156 1634; x_wconf 84' lang='grc' dir='ltr'><strong>Μ.</strong></span> <span class='ocrx_word' id='word_1_61' title='bbox 181 1577 295 1634; x_wconf 76' lang='lat' dir='ltr'><strong>Valerii</strong></span> <span class='ocrx_word' id='word_1_62' title='bbox 312 1578 476 1635; x_wconf 77' lang='lat' dir='ltr'><em>Messallae</em></span> <span class='ocrx_word' id='word_1_63' title='bbox 498 1579 619 1637; x_wconf 83' lang='lat' dir='ltr'><strong>Corvini</strong></span> <span class='ocrx_word' id='word_1_64' title='bbox 637 1597 682 1636; x_wconf 89' lang='lat' dir='ltr'><strong>res</strong></span> <span class='ocrx_word' id='word_1_65' title='bbox 700 1579 854 1652; x_wconf 77' lang='lat' dir='ltr'><strong>explicatae</strong></span> <span class='ocrx_word' id='word_1_66' title='bbox 873 1579 916 1634; x_wconf 82' lang='grc'><strong>54.</strong></span> <span class='ocrx_word' id='word_1_67' title='bbox 1010 1561 1015 1578; x_wconf 71' lang='grc'><em>’</em></span> 
     </span>
     <span class='ocr_line' id='line_1_11' title="bbox 109 1661 496 1722; baseline 0.01 -4"><span class='ocrx_word' id='word_1_68' title='bbox 109 1661 156 1718; x_wconf 86' lang='grc' dir='ltr'><strong>Μ.</strong></span> <span class='ocrx_word' id='word_1_69' title='bbox 175 1661 313 1720; x_wconf 76' lang='lat' dir='ltr'><strong>Valeriae</strong></span> <span class='ocrx_word' id='word_1_70' title='bbox 329 1663 453 1720; x_wconf 79' lang='lat' dir='ltr'><strong>Potitus</strong></span> <span class='ocrx_word' id='word_1_71' title='bbox 471 1666 496 1722; x_wconf 87' lang='grc'><strong>6.</strong></span> 
     </span>
     <span class='ocr_line' id='line_1_12' title="bbox 109 1749 695 1822; baseline 0 -18"><span class='ocrx_word' id='word_1_72' title='bbox 109 1766 164 1822; x_wconf 87' lang='lat' dir='ltr'><strong>pro</strong></span> <span class='ocrx_word' id='word_1_73' title='bbox 192 1749 369 1822; x_wconf 72' lang='lat' dir='ltr'><strong>Varfflmteio</strong></span> <span class='ocrx_word' id='word_1_74' title='bbox 389 1751 478 1805; x_wconf 88' lang='lat' dir='ltr'><strong>oratio</strong></span> <span class='ocrx_word' id='word_1_75' title='bbox 496 1749 636 1804; x_wconf 85' lang='lat' dir='ltr'><strong>Hortensii</strong></span> <span class='ocrx_word' id='word_1_76' title='bbox 652 1749 695 1804; x_wconf 76' lang='lat' dir='ltr'><strong>aa.</strong></span> 
     </span>
    </p>
   </div>
   <div class='ocr_carea' id='block_1_6' title="bbox 113 1833 1263 1907">
    <p class='ocr_par' dir='ltr' id='par_1_9' title="bbox 113 1833 1263 1907">
     <span class='ocr_line' id='line_1_13' title="bbox 113 1833 1263 1907; baseline 0.001 -18"><span class='ocrx_word' id='word_1_77' title='bbox 113 1833 148 1900; x_wconf 79' lang='lat' dir='ltr'><strong>Q.</strong></span> <span class='ocrx_word' id='word_1_78' title='bbox 178 1834 285 1892; x_wconf 79' lang='lat' dir='ltr'><strong>Variae</strong></span> <span class='ocrx_word' id='word_1_79' title='bbox 302 1835 485 1890; x_wconf 82' lang='lat' dir='ltr'><strong>Sucronensis</strong></span> <span class='ocrx_word' id='word_1_80' title='bbox 500 1834 542 1892; x_wconf 78' lang='lat'><strong>33.</strong></span> <span class='ocrx_word' id='word_1_81' title='bbox 561 1863 596 1876; x_wconf 90' lang='lat'>-</span> <span class='ocrx_word' id='word_1_82' title='bbox 620 1835 683 1907; x_wconf 82' lang='lat' dir='ltr'><strong>lege</strong></span> <span class='ocrx_word' id='word_1_83' title='bbox 699 1834 787 1890; x_wconf 87' lang='lat' dir='ltr'><strong>Varis</strong></span> <span class='ocrx_word' id='word_1_84' title='bbox 803 1835 891 1890; x_wconf 84' lang='lat' dir='ltr'><strong>oratio</strong></span> <span class='ocrx_word' id='word_1_85' title='bbox 909 1835 1008 1890; x_wconf 84' lang='lat' dir='ltr'><strong>Cottae</strong></span> <span class='ocrx_word' id='word_1_86' title='bbox 1024 1836 1059 1891; x_wconf 82' lang='lat' dir='ltr'><strong>ab</strong></span> <span class='ocrx_word' id='word_1_87' title='bbox 1078 1835 1158 1890; x_wconf 78' lang='lat' dir='ltr'><strong>Aelio</strong></span> <span class='ocrx_word' id='word_1_88' title='bbox 1260 1834 1263 1845; x_wconf 64' lang='lat'>⁶</span> 
     </span>
    </p>
   </div>
   <div class='ocr_carea' id='block_1_7' title="bbox 110 1919 1158 2404">
    <p class='ocr_par' dir='ltr' id='par_1_10' title="bbox 146 1919 432 1992">
     <span class='ocr_line' id='line_1_14' title="bbox 146 1919 432 1992; baseline 0.014 -18"><span class='ocrx_word' id='word_1_89' title='bbox 146 1920 255 1974; x_wconf 78' lang='lat' dir='ltr'><strong>Stilone</strong></span> <span class='ocrx_word' id='word_1_90' title='bbox 272 1921 374 1992; x_wconf 85' lang='lat' dir='ltr'><strong>scripta</strong></span> <span class='ocrx_word' id='word_1_91' title='bbox 390 1919 432 1978; x_wconf 81' lang='lat'><strong>30.</strong></span> 
     </span>
    </p>

    <p class='ocr_par' dir='ltr' id='par_1_11' title="bbox 121 2005 661 2079">
     <span class='ocr_line' id='line_1_15' title="bbox 121 2005 661 2079; baseline 0 -19"><span class='ocrx_word' id='word_1_92' title='bbox 121 2005 217 2060; x_wconf 86' lang='lat' dir='ltr'><strong>Varro</strong></span> <span class='ocrx_word' id='word_1_93' title='bbox 236 2006 332 2061; x_wconf 78' lang='lat' dir='ltr'><strong>(laelio</strong></span> <span class='ocrx_word' id='word_1_94' title='bbox 350 2006 447 2061; x_wconf 87' lang='lat' dir='ltr'><strong>librum</strong></span> <span class='ocrx_word' id='word_1_95' title='bbox 466 2007 603 2079; x_wconf 86' lang='lat' dir='ltr'><strong>inscripsit</strong></span> <span class='ocrx_word' id='word_1_96' title='bbox 618 2006 661 2062; x_wconf 96' lang='grc'><strong>50.</strong></span> 
     </span>
    </p>

    <p class='ocr_par' dir='ltr' id='par_1_12' title="bbox 120 2090 680 2148">
     <span class='ocr_line' id='line_1_16' title="bbox 120 2090 680 2148; baseline -0.004 -2"><span class='ocrx_word' id='word_1_97' title='bbox 120 2091 260 2146; x_wconf 76' lang='lat' dir='ltr'><strong>Vatinius</strong></span> <span class='ocrx_word' id='word_1_98' title='bbox 278 2109 295 2144; x_wconf 86' lang='lat' dir='ltr'><strong>a</strong></span> <span class='ocrx_word' id='word_1_99' title='bbox 312 2092 400 2147; x_wconf 86' lang='lat' dir='ltr'><strong>Calvo</strong></span> <span class='ocrx_word' id='word_1_100' title='bbox 418 2091 461 2146; x_wconf 87' lang='lat' dir='ltr'><strong>bis</strong></span> <span class='ocrx_word' id='word_1_101' title='bbox 479 2101 619 2148; x_wconf 85' lang='lat' dir='ltr'><strong>accasatus</strong></span> <span class='ocrx_word' id='word_1_102' title='bbox 637 2090 680 2145; x_wconf 90' lang='grc'><strong>51.</strong></span> 
     </span>
    </p>

    <p class='ocr_par' dir='ltr' id='par_1_13' title="bbox 110 2174 1011 2249">
     <span class='ocr_line' id='line_1_17' title="bbox 110 2174 1011 2249; baseline -0.004 -17"><span class='ocrx_word' id='word_1_103' title='bbox 110 2178 148 2232; x_wconf 91' lang='lat' dir='ltr'><strong>de</strong></span> <span class='ocrx_word' id='word_1_104' title='bbox 174 2177 369 2249; x_wconf 75' lang='lat' dir='ltr'><strong>Vectiqaiium</strong></span> <span class='ocrx_word' id='word_1_105' title='bbox 385 2177 469 2232; x_wconf 80' lang='lat' dir='ltr'><strong>Asiae</strong></span> <span class='ocrx_word' id='word_1_106' title='bbox 487 2176 680 2232; x_wconf 84' lang='lat' dir='ltr'><strong>constitutione</strong></span> <span class='ocrx_word' id='word_1_107' title='bbox 696 2175 786 2230; x_wconf 87' lang='lat' dir='ltr'><strong>oratio</strong></span> <span class='ocrx_word' id='word_1_108' title='bbox 802 2174 952 2230; x_wconf 79' lang='lat' dir='ltr'><strong>Messallae</strong></span> <span class='ocrx_word' id='word_1_109' title='bbox 970 2175 1011 2229; x_wconf 79' lang='grc'><strong>54.</strong></span> 
     </span>
    </p>

    <p class='ocr_par' dir='ltr' id='par_1_14' title="bbox 111 2259 1158 2404">
     <span class='ocr_line' id='line_1_18' title="bbox 111 2259 1158 2336; baseline -0.002 -20"><span class='ocrx_word' id='word_1_110' title='bbox 111 2263 140 2317; x_wconf 91' lang='lat' dir='ltr'><strong>in</strong></span> <span class='ocrx_word' id='word_1_111' title='bbox 167 2262 330 2317; x_wconf 80' lang='lat' dir='ltr'><strong>Vestalium</strong></span> <span class='ocrx_word' id='word_1_112' title='bbox 357 2280 440 2317; x_wconf 86' lang='lat' dir='ltr'><strong>causa</strong></span> <span class='ocrx_word' id='word_1_113' title='bbox 468 2263 559 2318; x_wconf 88' lang='lat' dir='ltr'><strong>nullae</strong></span> <span class='ocrx_word' id='word_1_114' title='bbox 581 2271 676 2336; x_wconf 84' lang='lat' dir='ltr'><strong>peries</strong></span> <span class='ocrx_word' id='word_1_115' title='bbox 701 2261 811 2316; x_wconf 86' lang='lat' dir='ltr'><strong>Antonii</strong></span> <span class='ocrx_word' id='word_1_116' title='bbox 829 2261 873 2318; x_wconf 73' lang='lat' dir='ltr'><strong>iu.</strong></span> <span class='ocrx_word' id='word_1_117' title='bbox 902 2270 959 2316; x_wconf 90' lang='lat' dir='ltr'><strong>not.</strong></span> <span class='ocrx_word' id='word_1_118' title='bbox 983 2259 1026 2318; x_wconf 82' lang='lat'><strong>65.</strong></span> <span class='ocrx_word' id='word_1_119' title='bbox 1049 2289 1085 2302; x_wconf 92' lang='lat'><strong>·-</strong></span> <span class='ocrx_word' id='word_1_120' title='bbox 1120 2261 1158 2314; x_wconf 92' lang='lat' dir='ltr'><strong>iu·</strong></span> 
     </span>
     <span class='ocr_line' id='line_1_19' title="bbox 147 2347 493 2404; baseline -0.003 -3"><span class='ocrx_word' id='word_1_121' title='bbox 147 2347 248 2402; x_wconf 89' lang='lat' dir='ltr'><strong>dicium</strong></span> <span class='ocrx_word' id='word_1_122' title='bbox 270 2347 434 2404; x_wconf 80' lang='lat' dir='ltr'><strong>Vestalium</strong></span> <span class='ocrx_word' id='word_1_123' title='bbox 451 2347 493 2401; x_wconf 74' lang='lat'><strong>27.</strong></span> 
     </span>
    </p>
   </div>
   <div class='ocr_carea' id='block_1_8' title="bbox 112 2413 847 2662">
    <p class='ocr_par' dir='ltr' id='par_1_15' title="bbox 112 2413 847 2662">
     <span class='ocr_line' id='line_1_20' title="bbox 112 2413 669 2504; baseline 0.004 -18"><span class='ocrx_word' id='word_1_124' title='bbox 112 2447 165 2504; x_wconf 82' lang='lat' dir='ltr'><strong>pro</strong></span> <span class='ocrx_word' id='word_1_125' title='bbox 189 2431 284 2486; x_wconf 83' lang='lat' dir='ltr'><strong>Vettio</strong></span> <span class='ocrx_word' id='word_1_126' title='bbox 305 2434 394 2488; x_wconf 85' lang='lat' dir='ltr'><strong>oratio</strong></span> <span class='ocrx_word' id='word_1_127' title='bbox 412 2433 444 2488; x_wconf 86' lang='lat' dir='ltr'><strong>G.</strong></span> <span class='ocrx_word' id='word_1_128' title='bbox 462 2432 578 2488; x_wconf 82' lang='lat' dir='ltr'><strong>Gracchi</strong></span> <span class='ocrx_word' id='word_1_129' title='bbox 595 2432 638 2488; x_wconf 68' lang='lat'><strong>20.</strong></span> <span class='ocrx_word' id='word_1_130' title='bbox 667 2413 669 2418; x_wconf 28' lang='grc' dir='ltr'>Ι</span> 
     </span>
     <span class='ocr_line' id='line_1_21' title="bbox 112 2515 847 2590; baseline 0.003 -20"><span class='ocrx_word' id='word_1_131' title='bbox 112 2535 166 2590; x_wconf 90' lang='lat' dir='ltr'><strong>pro</strong></span> <span class='ocrx_word' id='word_1_132' title='bbox 192 2515 311 2574; x_wconf 78' lang='lat' dir='ltr'><strong>Veturio</strong></span> <span class='ocrx_word' id='word_1_133' title='bbox 328 2535 384 2574; x_wconf 87' lang='lat' dir='ltr'><strong>non</strong></span> <span class='ocrx_word' id='word_1_134' title='bbox 403 2535 454 2590; x_wconf 88' lang='lat' dir='ltr'><strong>pro</strong></span> <span class='ocrx_word' id='word_1_135' title='bbox 482 2518 596 2576; x_wconf 81' lang='lat' dir='ltr'><strong>Veterio</strong></span> <span class='ocrx_word' id='word_1_136' title='bbox 616 2519 699 2576; x_wconf 81' lang='lat' dir='ltr'><strong>Cotta</strong></span> <span class='ocrx_word' id='word_1_137' title='bbox 715 2516 782 2574; x_wconf 87' lang='lat' dir='ltr'><strong>disit</strong></span> <span class='ocrx_word' id='word_1_138' title='bbox 804 2515 847 2572; x_wconf 80' lang='grc'><strong>30.</strong></span> 
     </span>
     <span class='ocr_line' id='line_1_22' title="bbox 118 2601 765 2662; baseline 0.006 -6"><span class='ocrx_word' id='word_1_139' title='bbox 118 2601 275 2658; x_wconf 75' lang='lat' dir='ltr'><strong>Viriathus</strong></span> <span class='ocrx_word' id='word_1_140' title='bbox 291 2602 438 2660; x_wconf 83' lang='lat' dir='ltr'><strong>Lusitanus</strong></span> <span class='ocrx_word' id='word_1_141' title='bbox 455 2621 473 2660; x_wconf 88' lang='lat' dir='ltr'><strong>s</strong></span> <span class='ocrx_word' id='word_1_142' title='bbox 489 2603 588 2662; x_wconf 83' lang='lat' dir='ltr'><strong>Laelio</strong></span> <span class='ocrx_word' id='word_1_143' title='bbox 606 2604 708 2662; x_wconf 82' lang='lat' dir='ltr'><strong>fractus</strong></span> <span class='ocrx_word' id='word_1_144' title='bbox 725 2603 765 2660; x_wconf 90' lang='grc'><strong>15.</strong></span> 
     </span>
    </p>
   </div>
   <div class='ocr_carea' id='block_1_9' title="bbox 0 0 1334 4774">
    <p class='ocr_par' dir='ltr' id='par_1_16' title="bbox 0 0 1334 4774">
     <span class='ocr_line' id='line_1_23' title="bbox 0 0 1334 4774; baseline 0 0"><span class='ocrx_word' id='word_1_145' title='bbox 0 0 1334 4774; x_wconf 95' lang='lat' dir='ltr'><strong> </strong></span> 
     </span>
    </p>
   </div>
  </div>
 </body>
</html>
