2660 4776
235 399 292 478 54
392 389 541 469 Bbbvrs
562 395 860 482 ELOQUENTIAE
882 395 986 466 ROM.
1008 395 1117 468 nisu.

234 576 409 642 accesserim
431 588 583 656 annosque
602 579 688 636 nutus
709 591 797 637 unum
819 581 849 636 et
868 572 975 652 viginti
993 571 1209 636 nobilissimum
1230 575 1285 636 bo·
1325 599 1326 670 p

234 681 341 742 minem
358 685 387 740 et
404 676 672 758 eloquentissimum
691 676 723 736 iu
737 675 876 738 indicium
891 675 1037 748 rooarim3
1060 675 1108 736 eui
1125 673 1285 756 discipline

233 781 324 842 inerit
341 779 453 852 lorum,
483 778 625 856 nemetes·
645 795 715 840 usus
738 783 766 838 et
785 777 870 855 leges
893 782 923 836 et
941 775 1073 836 instituta
1093 777 1201 856 populi
1222 774 1284 838 Ro·

233 882 313 944 muni
328 897 450 960 mosque
465 879 616 942 maiorum.
624 879 643 908 “
674 878 740 940 Nou
756 879 853 960 potuit
871 875 945 938 adeo
967 874 1284 956 impudentermentiri

234 980 356 1056 cicero,
387 988 420 1042 ut
447 981 592 1043 bominem
618 979 670 1043 rix
699 979 791 1042 initiis
818 979 971 1041 literarum
1003 975 1142 1038 imbutum
1171 993 1283 1040 summo

233 1083 327 1164 patris
356 1081 453 1144 studio
480 1081 596 1144 doctum
626 1079 752 1155 diceret;
785 1079 838 1142 sed
868 1086 949 1144 reete
981 1075 1123 1142 iudicarit
1154 1079 1283 1140 sensisse

232 1182 373 1246 Crassum
402 1182 534 1262 perlecto
569 1181 683 1248 oratori
714 1188 794 1242 artes
821 1197 921 1242 omnes
953 1177 1077 1242 scientie
1107 1195 1174 1242 esse
1203 1197 1282 1242 oom—
1325 1169 1326 1196 l

231 1283 420 1366 plectendas,
451 1283 632 1363 temporibus
658 1289 756 1342 tamen
783 1289 812 1342 et
839 1281 901 1343 suis
928 1288 958 1342 et
988 1279 1201 1361 reipublicae
1227 1281 1282 1342 im-

231 1383 361 1465 peditum
381 1383 412 1444 id
434 1383 553 1463 assequi
573 1399 632 1444 non
652 1383 793 1464 potuisse.
826 1383 960 1464 Ineptum
981 1388 1059 1444 esset
1078 1381 1109 1442 in
1130 1379 1282 1442 laudande

231 1487 290 1548 riri
307 1485 486 1566 praestantis
505 1483 674 1564 eloquentia
696 1484 868 1548 Ciceronem
891 1499 1033 1565 superare
1054 1481 1148 1546 velle:
1178 1483 1281 1563 paucis
1325 1489 1326 1572 p

230 1587 324 1666 igitur
344 1593 376 1648 ut
393 1585 603 1664 delungamun,
623 1585 744 1664 iugenio
765 1600 919 1660 summurn,
942 1583 1038 1646 studio
1059 1583 1281 1662 indefatigabili
1325 1575 1326 1660 l

230 1695 342 1750 tautum
363 1694 527 1748 assecutum
549 1686 778 1748 existimabimus
803 1687 835 1748 iu
860 1685 1035 1750 inveniendo
1055 1683 1215 1765 puriiendo
1236 1683 1280 1746 di·

232 1789 326 1851 cendo
352 1788 487 1868 egendo,
519 1795 657 1868 quantum
684 1788 747 1852 sine
774 1787 998 1850 accuratissime
1024 1786 1152 1850 omnium
1175 1785 1279 1847 artium
1325 1767 1326 1798 ¹

232 1891 400 1968 cognitione
422 1896 451 1951 ct
475 1889 673 1968 intelligentie
693 1889 838 1970 potuerim
867 1887 959 1949 inisse
980 1885 1102 1948 eundem
1123 1894 1278 1968 patronum

232 1991 446 2066 aeudssimum,
486 1990 657 2052 senatoriae
688 1991 850 2052 sententiae
869 1997 1031 2052 auctorem
1062 1987 1277 2066 grauissimum,

231 2093 462 2155 continuatorem
479 2092 653 2154 acerrimum
670 2098 712 2166 et,
735 2091 763 2152 si
779 2110 798 2153 a
812 2091 873 2152 reis
890 2089 1064 2152 manifestae
1079 2088 1188 2169 eulpae
1209 2103 1278 2150 eon·

228 2193 400 2258 vietisnon
426 2194 469 2254 ita
496 2193 641 2274 expetitus
669 2193 721 2266 sit,
753 2199 787 2254 ut
806 2191 963 2265 Antonius,
993 2207 1113 2252 eausam
1140 2189 1204 2252 eius
1234 2189 1277 2250 rei

228 2313 289 2357 non
309 2295 341 2354 iu
361 2293 520 2368 facultate,
548 2293 600 2354 sed
627 2293 658 2353 in
678 2292 829 2355 uoluntate
850 2291 966 2356 dicendi
987 2289 1187 2372 quaerendam
1211 2305 1277 2352 esse

228 2393 411 2477 putabimbs,
435 2391 515 2472 quod
531 2392 732 2473 reipublicae
752 2393 892 2475 opitulari
914 2411 1001 2474 quem
1021 2393 1153 2455 homines
1170 2391 1275 2454 noxios

229 2494 348 2559 debitae
374 2511 489 2575 poenae
514 2495 687 2556 subtrahere
716 2493 879 2572 maluerit(
906 2496 929 2574 ).
972 2492 1064 2556 Nemo
1084 2493 1208 2572 grorim
1229 2509 1275 2554 se·

228 2605 314 2659 netus
338 2597 542 2658 auctoritatem
570 2613 589 2656 a
612 2595 744 2682 lubidine
766 2595 896 2658 consulis
917 2595 1008 2657 tutari
1022 2589 1077 2674 (⁰⁰)
1104 2611 1190 2656 nemo
1212 2610 1275 2655 cnm

228 2699 342 2759 maiore
361 2697 454 2778 ipsius
470 2696 613 2776 dignitate
632 2697 758 2758 irridere
777 2695 979 2760 adversarium
994 2696 1090 2776 potuit
1101 2690 1169 2776 (⁶¹),
1190 2711 1274 2756 nemo

228 2797 407 2864 emendatius
428 2799 561 2879 pressius
583 2798 749 2876 elegantius
771 2798 903 2876 cogitata
925 2796 1041 2877 eloqui3
1070 2797 1169 2861 ommia
1190 2795 1271 2858 Giee·

227 2901 308 2962 rosis
337 2900 449 2980 scripta
468 2905 686 2980 perscrutatus,
713 2917 773 2960 non
799 2899 933 2979 reperies
953 2899 1124 2978 quicqum,
1154 2913 1213 2978 spuo
1242 2895 1271 2956 in

226 3000 287 3062 iliis
307 3000 423 3064 dicendi
443 3002 577 3081 partibus
595 2995 724 3062 Crassus
744 2997 887 3062 Gieerone
906 2998 1032 3062 inferior
1051 2997 1197 3063 rideatur.
1239 2996 1271 3060 Si

237 3243 240 3250 ·
297 3213 344 3281 59)
363 3211 512 3270 Clc.Brut.
528 3212 709 3268 assi-ss.
724 3213 766 3268 53.
784 3211 1089 3278 ronconiensis.
1108 3211 1200 3278 lico,
1216 3207 1269 3262 ies

226 3298 274 3363 bs,
294 3299 355 3353 330.
379 3297 427 3352 lll.
440 3296 473 3362 9,
491 3296 534 3352 33.
560 3297 609 3364 12,
626 3299 669 3352 47.
696 3296 750 3355 off.
764 3297 785 3354 l.
802 3299 851 3366 30,
868 3297 925 3354 108.
961 3298 1006 3352 De
1023 3297 1121 3368 lepore
1139 3293 1269 3352 consentit

226 3382 409 3451 Quintilianus
421 3380 515 3450 vit,
529 3381 586 3448 43,
605 3383 640 3436 de
658 3384 792 3455 gravitate
804 3389 895 3456 gestus
907 3383 955 3440 Xl.
970 3384 1005 3450 3,
1017 3382 1059 3438 94.
1090 3380 1268 3438 Artificiosam

228 3465 469 3536 compositionem,
495 3484 549 3536 qua
574 3477 652 3538 parte
676 3477 740 3524 onte
758 3471 920 3528 Ciceronem
938 3468 1155 3534 claudicabetur‚
1179 3465 1269 3520 laudat

226 3547 281 3608 Cic.
301 3549 350 3608 Or.
364 3551 412 3617 65,
422 3551 481 3607 219.
505 3551 539 3607 es.
552 3551 664 3611 Quintil.
676 3553 722 3609 lX.
738 3553 768 3620 4,
782 3553 839 3608 loe.
870 3553 941 3608 Hinc
954 3570 1054 3608 nomen
1072 3554 1130 3606 eius
1143 3561 1265 3622 tanquam

224 3633 320 3691 summi
331 3639 439 3706 patroni
454 3637 589 3708 habitum,
606 3639 661 3694 (lic.
674 3657 701 3710 p.
717 3639 848 3697 Quinctio
858 3639 907 3694 36.
925 3637 988 3694 biv.
1000 3638 1027 3692 in
1042 3637 1141 3709 Caecil.
1157 3637 1182 3692 8.
1203 3623 1263 3688 Ser.

225 3721 261 3774 ed
278 3720 397 3776 Hereum.
416 3720 464 3775 iv,
483 3720 507 3777 3.
537 3723 609 3780 Vell.
632 3723 666 3778 ll.
685 3723 711 3778 9.
731 3731 758 3777 et
775 3723 817 3778 36.
847 3723 918 3778 Plin.
937 3723 971 3777 fl.
988 3722 1026 3778 Ν.
1043 3721 1131 3778 xvir.
1151 3722 1174 3776 l.
1204 3717 1264 3774 dial.

224 3807 262 3884 de·
279 3805 331 3882 Or.
345 3804 387 3860 io.
416 3803 541 3862 Macrob.
560 3807 594 3864 V.
618 3809 639 3884 l.
658 3826 685 3878 p.
703 3807 761 3862 483.
778 3809 863 3864 Zeun.
897 3807 1032 3878 Sulpicius
1050 3808 1161 3880 ingenio
1179 3807 1264 3861 diver·

223 3890 343 3948 sissimus
361 3881 486 3946 cressum
503 3887 602 3948 imitari
619 3891 745 3947 volebat:
764 3893 821 3948 (lie.
840 3881 919 3948 Brut.
937 3893 987 3959 55,
999 3883 1066 3948 303.
1099 3893 1172 3952 Quis
1187 3885 1264 3946 luerit

223 3976 371 4047 Septimius
386 3975 448 4044 ille,
466 3978 500 4032 de
519 3995 574 4048 quo
593 3977 664 4033 idem
683 3977 795 4032 credunt
806 3977 920 4036 Qnrintil.
935 3975 1008 4033 Vlll.
1021 3978 1053 4044 3,
1068 3977 1110 4034 23.
1134 3975 1261 4032 Priscian.

223 4079 259 4116 ex
272 4061 327 4119 Cic.
343 4081 370 4133 p.
384 4062 497 4116 Vareno
505 4061 552 4116 lll.
564 4081 592 4134 p.
608 4051 659 4117 136
668 4053 736 4129 Κτῖ,
751 4063 795 4132 qui
811 4071 908 4118 contra
919 4061 1050 4118 Erucium
1064 4063 1263 4118 Antoninorum

222 4155 319 4214 vocat,
343 4147 492 4218 ignoretur.
547 4176 550 4182 .
576 4148 628 4218 50)
651 4148 708 4216 Cic.
730 4147 769 4204 *de
785 4143 836 4204 Or.
850 4147 898 4204 lll.
918 4150 948 4216 l,
965 4150 990 4204 d.
1078 4149 1132 4216 bl)
1150 4147 1204 4202 (lie
1226 4141 1264 4198 de

222 4227 271 4288 Or.
289 4230 324 4290 ll.
341 4231 389 4298 55,
405 4231 456 4286 323
475 4248 535 4302 sqq.
1169 4256 1173 4266 ’
