2646 4772
274 466 373 539 2⁰4
670 447 931 530 CICERONIS

274 637 307 702 in
327 635 441 700 Atticis
468 631 536 698 alin
562 631 710 712 meliora,
734 631 857 710 uideat,
885 649 926 696 ne
954 630 1078 715 ignoret
1100 635 1133 697 et
1153 629 1273 715 gradum
1291 639 1315 694 et

273 751 544 820 dissimilitudines
570 761 600 817 et
623 753 687 818 nim
709 761 739 817 et
759 753 944 818 varietatem
965 747 1150 815 Atticorum.
1195 747 1315 825 Atticos,

199 870 201 880 '
272 873 388 957 inquit,
415 869 490 936 volo
518 871 644 936 imitari.
689 867 799 949 Quost
831 887 891 934 nec
920 869 1004 934 enim
1027 877 1075 933 cst
1094 887 1193 933 unum
1217 886 1315 953 genus.

273 1008 347 1055 uam
365 987 440 1076 quid
461 998 510 1054 est
529 998 593 1054 tam
609 987 762 1054 dissimile
780 1007 873 1074 quam
888 983 1116 1053 Demosthenes
1139 995 1170 1052 et
1187 983 1315 1070 Lysiast

273 1127 366 1194 quam
389 1107 491 1172 eidem
512 1115 543 1172 et
563 1103 760 1192 Hyperidest
793 1125 887 1192 quam
907 1103 1016 1172 horum
1038 1105 1175 1171 omnium
1194 1102 1316 1170 Aeschi-

272 1229 357 1292 nesi
399 1245 490 1311 quem
523 1225 618 1308 igitur
650 1225 808 1291 imitarisl
852 1221 890 1289 Si
923 1223 1080 1309 aliquemz
1120 1225 1221 1288 ceteri
1252 1240 1315 1305 ergo

274 1343 378 1408 Attice
403 1361 467 1407 non
489 1342 644 1408 dicebant.
687 1345 716 1408 si
738 1344 857 1409 omnis:
887 1344 940 1428 qui
960 1350 1070 1428 potes,
1092 1359 1162 1406 oum
1185 1341 1250 1406 siut
1267 1340 1315 1426 ipsi

275 1459 487 1548 dissimiliumi
511 1461 592 1525 inter
614 1465 670 1526 set
713 1457 750 1526 ln
772 1479 833 1548 quo
856 1459 937 1526 illud
955 1461 1049 1526 etiam
1071 1477 1192 1545 quaero
1213 1457 1316 1524 Phale-

274 1597 348 1643 reus
381 1576 437 1643 ille
467 1573 645 1644 Demetrius
677 1577 822 1644 Atticene
855 1578 977 1644 dixerit.
1019 1575 1096 1642 mihi
1127 1577 1255 1663 quidem
1283 1595 1314 1641 en

274 1670 361 1762 illius
383 1695 577 1762 orationihus
598 1695 742 1763 redolere
764 1699 854 1784 ipsae
873 1695 1017 1763 Athenae
1037 1694 1191 1761 videntur.
1228 1704 1258 1760 at
1277 1702 1316 1759 est

273 1811 428 1892 floridior,
454 1823 486 1880 ut
514 1815 559 1879 ita
587 1815 706 1893 dicam,
737 1834 829 1901 qnam
859 1813 1052 1902 Hyperides,
1081 1833 1174 1900 quam
1196 1810 1315 1898 Lysias.

274 1941 387 1997 natura
409 1931 564 2017 quaedam
586 1942 639 1998 aut
658 1931 805 1999 voluntas
822 1935 868 2000 ita
889 1931 1014 2000 dicendi
1036 1932 1104 1999 fnit.

357 2046 537 2114 Llllllllll.
560 2049 633 2116 266.
655 2047 694 2116 Et
710 2051 835 2138 quidem
853 2051 915 2118 dno
933 2051 1055 2117 luerunt
1072 2069 1130 2138 per
1147 2047 1233 2114 idem
1247 2057 1316 2112 tenn-

271 2185 330 2253 pus
352 2166 523 2233 dissimiles
553 2169 635 2233 inter
656 2187 710 2247 se,
740 2169 798 2235 sed
818 2169 916 2235 Attici
937 2179 1056 2236 tamen:
1088 2178 1221 2253 quorum
1241 2164 1314 2232 Cha-

271 2285 369 2350 risius
402 2283 568 2351 multarum
600 2287 795 2364 orationum,
830 2306 910 2371 quas
941 2284 1101 2353 scrihebat
1133 2284 1223 2364 aliis,
1254 2291 1319 2378 euml

274 2419 387 2486 cupere
409 2401 568 2468 videretur
587 2403 703 2472 imitari
723 2401 872 2488 Lysiam
892 2399 1108 2470 Demochares
1130 2413 1248 2481 antem,
1271 2403 1318 2488 qni

273 2517 331 2583 fuit
348 2515 551 2585 Demostheni
572 2523 692 2588 sororis
710 2519 812 2601 filius,
834 2531 865 2589 et
886 2523 1045 2589 orationes
1064 2523 1191 2610 scripsit
1207 2521 1317 2608 aliquot

274 2644 304 2700 et
326 2655 432 2702 earum
453 2656 557 2704 rerum
577 2637 756 2719 historiam,
779 2659 860 2728 quae
882 2639 972 2706 ernist
992 2639 1131 2706 Athenis
1148 2643 1245 2728 ipsius
1267 2631 1317 2704 ael

272 2761 336 2820 tate
358 2765 483 2841 gestae,
504 2777 569 2824 non
588 2767 652 2824 tarn
673 2757 825 2826 historico
848 2778 940 2846 quam
962 2761 1102 2826 oratorio
1117 2778 1234 2846 genere
1248 2775 1310 2846 per·

336 2973 381 3016 285.
408 2985 476 3027 qoam
488 2973 569 3029 eidem]
584 2988 649 3030 quem
663 2976 728 3021 idem.
742 2999 768 3008 -κ
789 2977 869 3019 doram
884 2975 994 3030 omnium]
1010 2977 1107 3019 omnium
1119 2977 1205 3021 horum.
1217 2999 1240 3010 -
1259 2939 1315 3029 ttlndl

405 3042 485 3097 etiam]
499 3045 565 3085 etiam
579 3044 641 3088 illud.

271 3177 410 3246 quondm]
429 3176 481 3234 Gu.
496 3179 520 3234 1.
537 3210 573 3220 -
597 3183 677 3236 enim
694 3183 750 3250 est]
768 3182 826 3239 inv.
844 3179 896 3253 hg.
910 3177 1001 3237 no—
1024 3198 1117 3252 qrmm
1136 3181 1238 3252 eddeva]
1254 3177 1310 3234 lnhri

272 3267 300 3314 et
317 3261 380 3320 edd.
399 3263 497 3328 ddemf
520 3265 614 3322 todem
638 3285 675 3346 eq
690 3267 752 3322 cod.
773 3268 865 3324 Curiae.
884 3265 1060 3336 Schnetnius,
1084 3269 1150 3338 qnia
1167 3286 1219 3323 non
1235 3263 1313 3356 nnump

269 3343 487 3404 Demosthenem
508 3358 613 3406 etcum
632 3351 718 3424 Lysia
736 3361 840 3408 etcum
858 3352 1014 3424 Hyperide,
1037 3353 1089 3408 sed
1107 3353 1312 3412 Demosthenen,

271 3437 300 3484 et
309 3429 421 3502 Lysiam
435 3434 542 3492 iunctos
561 3454 621 3492 cum
631 3437 775 3510 Hyperide
791 3439 945 3509 comparari
959 3439 1060 3494 docent
1078 3440 1168 3496 verba
1179 3436 1312 3518 sequentinp

269 3531 364 3586 qoam
388 3516 495 3574 donem
523 3526 658 3582 mnndum
680 3523 848 3580 Aeschines.
884 3525 990 3596 Scripsi
1016 3525 1132 3590 eddom,⁸
1159 3527 1186 3580 in
1210 3525 1311 3596 hornan

270 3607 403 3658 mnndum
421 3607 461 3662 sic
478 3609 689 3678 transponendis
707 3619 816 3668 secutus
833 3628 891 3666 sum
910 3609 961 3682 Lg.
975 3619 1087 3682 praeter
1100 3611 1143 3666 20.
1158 3610 1199 3667 39.
1210 3609 1245 3664 68.
1261 3608 1311 3682 illel

269 3683 335 3738 item
357 3686 429 3742 Ven.
445 3691 470 3746 l.
494 3687 551 3748 ott.
572 3694 615 3750 ed.
630 3711 672 3766 pr.
689 3725 725 3736 -
752 3697 781 3750 si
798 3696 938 3767 aliquem]
956 3696 1010 3759 sed
1027 3697 1066 3752 al.
1087 3696 1140 3752 Gn.
1160 3696 1182 3750 l.
1203 3695 1266 3747 Ven.
1284 3692 1310 3766 lq

270 3766 322 3842 Lg.
333 3769 375 3825 39.
389 3791 417 3827 v.
431 3791 456 3830 u.
471 3782 490 3842 t,
499 3803 535 3816 ·-
559 3781 667 3849 omnis]
686 3779 735 3853 hg.
745 3779 770 3837 8.
786 3781 828 3836 35.
838 3781 880 3836 39.
895 3781 936 3836 51.
947 3781 988 3836 53.
1001 3782 1043 3836 56.
1055 3780 1098 3836 68.
1109 3781 1151 3837 70.
1170 3780 1232 3834 Ver.
1243 3767 1310 3844 Η

268 3853 348 3910 {dod
370 3861 474 3930 etiam]
501 3863 583 3935 vulgo
607 3875 671 3936 post
693 3868 838 3938 repetitam
863 3865 958 3922 Lamb.
984 3885 1003 3920 e
1026 3866 1093 3920 1584
1116 3870 1208 3921 etiem
1227 3859 1304 3924 alud,

268 3949 364 3996 contro
381 3941 465 4000 fidem
489 3948 531 4002 ed.
549 3967 590 4020 pr.
610 3958 638 4002 et
655 3951 734 4007 codd.
756 3953 916 4006 collatorum
937 3954 1063 4007 omnium.
1080 3981 1116 3995 ·-
1140 3951 1291 4006 Phalereus

268 4023 428 4084 Pdaimee
452 4033 495 4086 ed.
515 4050 556 4102 pr.
583 4032 633 4105 Lg.
652 4034 694 4090 86.
722 4035 891 4110 phalereus
915 4037 966 4093 Gn.
986 4039 1064 4093 1.-
1088 4038 1209 4104 dixerit]
1230 4032 1262 4086 di

269 4111 312 4165 ed.
330 4131 373 4184 pr.
391 4143 427 4156 —-
455 4115 635 4190 Hyperides]
653 4119 833 4196 dyperiadee
852 4123 905 4178 Gn.
922 4125 946 4179 l.
983 4123 1026 4179 Al.
1046 4123 1154 4193 qnidam
1173 4137 1219 4193 per
1232 4121 1251 4171 i.

336 4195 490 4256 LXXXlll.
524 4201 584 4258 286.
620 4205 785 4262 multarum
814 4210 1001 4278 orationum]
1030 4210 1141 4264 multas
1165 4205 1274 4261 oration

268 4279 402 4368 spadehat
428 4283 568 4344 Manutius
596 4289 736 4358 immemor
764 4293 984 4366 elegantissimae
1014 4295 1163 4352 brevihttis.
1186 4320 1219 4335 κ-
