2678 4776
218 439 282 528 no
306 439 393 508 oro.
414 437 613 508 nanuum
636 438 727 508 616.
748 439 870 510 esau
987 446 1070 520 m

21 612 94 676 ieoit
115 611 267 695 prolecto,
292 613 357 677 ueri
376 611 500 676 similius
521 619 567 676 est
586 611 763 690 iissnmisse
783 611 897 690 legem,
921 629 986 676 eun
1007 615 1070 682 ier·

22 722 123 791 retur,
154 713 401 796 quampluribus
427 714 512 776 enum
538 720 621 796 post,
651 731 715 778 aum
740 713 920 776 nihunomm
943 725 1071 795 gereret,

20 815 253 896 impugnarisse.
303 808 427 880 0muin'o
460 832 525 878 eum
555 815 694 878 eiratre
721 813 844 877 Tiberio
870 814 965 878 lectae
994 826 1072 882 esset
1129 881 1134 889 ,

19 917 98 978 inter
121 917 290 980 triumuiros
314 917 383 994 egri
403 915 568 990 diuiduudi,
595 916 655 976 iem
676 923 744 977 ente
765 922 953 996 quaesturam
974 919 1073 998 attigit

19 1035 81 1078 rem
107 1017 266 1098 publicam.
309 1016 446 1097 Denique
472 1016 539 1078 luae
566 1015 676 1078 elarius
702 1023 747 1078 ert
772 1016 816 1077 sie
836 1017 976 1096 ooniungi
1002 1033 1071 1082 seu·

18 1119 145 1180 tentius:
166 1123 213 1177 M.
235 1124 364 1188 nmen,
390 1121 439 1192 qai
458 1121 490 1176 io
507 1115 655 1178 tribuente
676 1118 707 1178 G.
732 1117 891 1177 6666616666
908 1117 995 1195 [repit
1011 1141 1070 1182 -e

18 1227 83 1278 taes
110 1223 198 1278 661666
218 1219 332 1295 perutilis
350 1221 398 1276 Μ.
417 1221 531 1278 Peoaee
558 1217 646 1291 fusile
669 1221 792 1295 epitooit
814 1221 845 1276 io
868 1217 1014 1280 tribunatu
1036 1221 1069 1283 0.

21 1320 194 1380 Graecinum.
236 1316 333 1396 Igitur
353 1321 463 1395 apsaro
483 1318 674 1399 compositum
695 1325 724 1380 et
741 1317 882 1380 eollntum
902 1335 967 1380 eum
981 1320 1070 1394 troa-
1131 1391 1135 1396 ‚
1219 1393 1225 1402 ι

20 1420 108 1496 paulo
133 1416 280 1498 signifieat
299 1437 418 1489 uenere,
445 1422 594 1491 iareotmi,
625 1417 704 1500 qued
731 1425 761 1482 et
786 1417 823 1481 de
842 1419 959 1482 iniuriis
980 1427 1010 1484 et
1031 1421 1069 1486 de

20 1519 161 1582 irrisione
181 1519 328 1580 usitatum.
369 1517 447 1580 illud
470 1517 538 1583 uitle
558 1519 639 1601 apud
661 1519 724 1584 Cio·
744 1538 775 1601 p.
796 1519 893 1582 Bulbo
914 1520 956 1584 25
977 1531 1067 1586 enta:

23 1629 44 1680 et
60 1621 179 1697 adoptio
198 1619 363 1696 1166666661
378 1623 489 1696 epitola
504 1628 554 1682 eat.
585 1639 616 1701 p.
632 1620 768 1698 Quinctio
786 1624 805 1681 2
822 1627 913 1682 extu:
929 1621 1066 1695 obsecret,

23 1728 49 1778 et
63 1720 163 1780 moitis
179 1723 293 1780 tataros
310 1723 448 1780 inmotam
464 1727 491 1778 et
506 1723 648 1795 epitetum
661 1725 832 1796 aequitatem
848 1755 888 1764 —-
903 1720 1069 1793 eoufflowri

24 1823 180 1896 patiamini.
225 1818 423 1896 Quintilianus
443 1817 509 1882 XII.
532 1820 567 1894 8,
588 1821 624 1882 e:
656 1817 809 1894 opitoodee
829 1817 958 1877 66661166
976 1820 1069 1880 modu

25 1927 47 1978 et
62 1920 221 1980 66666666
238 1917 411 1999 (litigator).
442 1919 508 1982 1166
526 1925 623 1981 autem
636 1925 733 1980 exstet
748 1917 786 1979 ie
801 1917 853 1980 0r.
866 1916 904 1980 ll.
918 1918 978 1994 68,
989 1921 1068 1982 237:

26 2039 191 2080 retrursus
211 2024 327 2080 minemo
353 2023 474 2096 lesionis
495 2023 607 2096 opilata
627 2019 745 2080 stema
788 2017 946 2093 Similiter,
972 2035 1069 2101 enque
1132 2029 1137 2040 “

27 2118 57 2182 16
77 2139 171 2184 eausa
191 2120 280 2184 etiem
299 2127 454 2200 utrumqne
473 2119 602 2182 innatum
622 2118 709 2182 morlo
729 2117 867 2194 uidimus,
891 2123 1001 2179 6661666
1020 2120 1068 2184 uli·

28 2221 106 2306 uitur,
140 2221 225 2284 ouius
253 2220 456 2282 translationis
483 2221 562 2284 riam
590 2219 687 2301 aperit
713 2217 774 2282 Cio.
802 2221 907 2282 Aenus.
935 2219 1021 2286 Verr.
1043 2221 1068 2286 Ι.

28 2323 76 2397 26,
94 2325 147 2386 67.
190 2322 245 2386 list
268 2321 344 2385 enim
364 2321 486 2403 proprie
505 2321 640 2383 membris
662 2321 811 2384 lominum
830 2319 974 2384 iuimiose
994 2340 1068 2404 pro-

29 2424 133 2488 turbari
155 2429 185 2488 et
199 2422 294 2486 trudi:
315 2422 493 2485 transfertur
513 2421 553 2484 ad
570 2423 661 2486 maris
678 2430 787 2486 motum
807 2423 904 2485 naulis
920 2423 1067 2502 infestum,

31 2521 88 2588 lein
108 2534 137 2588 et
161 2523 201 2588 ed
220 2525 345 2588 iniurias
372 2530 402 2588 et
422 2522 461 2586 ai
481 2523 658 2586 irrisionem.
701 2523 776 2587 lliuo
797 2523 872 2588 (tato
894 2522 1002 2588 dieitur
1021 2527 1069 2587 iate

31 2626 103 2685 66666
122 2635 150 2685 et
170 2624 382 2704 tempestatibus
401 2625 440 2686 ad
458 2643 599 2686 66666666
618 2634 786 2686 matam
805 2629 912 2686 instari
930 2627 1069 2686 malaura

33 2723 181 2807 Giallep.
202 2724 291 2800 1.1.;
319 2726 351 2786 in
377 2743 464 2806 mem
491 2725 663 2786 sententiam
690 2724 730 2785 ef.
751 2724 896 2787 Senecam
921 2723 1068 2788 deliret.

33 2821 80 2886 lit.
95 2827 130 2890 5:
156 2826 252 2886 otnero
271 2830 346 2888 iuter
362 2826 504 2889 Gotiiiane
519 2823 685 2899 (71οά166666
704 2825 839 2880 tortam
882 2821 921 2882 lit
942 2820 979 2883 de
997 2837 1069 2884 oro·

33 2926 307 2992 tore‘aiuersarium
328 2926 461 3004 agitante
480 2922 548 2986 Diu.
569 2921 602 2983 in
622 2919 710 2984 Gneo.
734 2920 788 2994 14,
809 2918 866 2982 45:
887 2927 915 2978 te
936 2939 1003 2980 vero
1026 2954 1066 2970 -

35 3045 101 3101 6666
128 3029 168 3090 ael
186 3027 359 3088 6666666611
386 3026 533 3094 61666666,
561 3041 647 3100 qinom
675 3023 753 3080 nomi
773 3023 886 3079 6661666
907 3022 1068 3085 omuino

35 3127 112 3188 ittae
128 3133 190 3188 iam
203 3127 310 3188 uideo.
331 3127 407 3190 ltine
422 3131 545 3186 metato
562 3121 707 3182 Graecina
723 3118 798 3184 lixit
810 3121 949 3184 Laeanus
961 3120 1069 3188 Pluere.

36 3223 193 3303 111261,
221 3206 301 3309 quot
326 3231 467 3307 66616666
490 3229 523 3285 ta
545 3223 669 3284 mutam
695 3221 774 3286 male
797 3221 928 3305 explieat
948 3219 1068 3286 Gortius

38 3325 186 3394 eiPlers.
207 3327 231 3392 1.
253 3330 325 3392 267.
370 3326 548 3393 Gronovium
566 3331 685 3388 seeutns
706 3324 792 3390 Obss.
814 3324 863 3390 lv.
882 3322 913 3388 6.
939 3341 970 3406 p.
992 3323 1068 3389 666.

108 3437 140 3493 ll
164 3429 339 3507 thaoimo]
364 3427 485 3492 romule
505 3445 534 3490 a.
555 3428 629 3491 621.

103 3530 214 3596 XXIX.
260 3533 331 3596 116.
376 3529 407 3591 0.
431 3528 527 3605 Graio]
554 3547 583 3593 r.
605 3545 630 3590 6.
650 3528 701 3588 32.
742 3525 791 3592 De
809 3529 855 3586 M.
875 3527 989 3586 &aare
1014 3541 1068 3590 ex·

38 3630 147 3704 positum
165 3633 198 3694 iu
218 3631 359 3713 prolegg.
381 3631 410 3716 §.
430 3633 498 3706 21.;
519 3628 556 3692 16
576 3625 689 3692 lintilio
710 3623 738 3709 §.
757 3629 810 3688 22.

107 3743 132 3794 o
154 3732 282 3812 umque]
310 3740 337 3792 et
361 3746 418 3813 pro
446 3731 496 3791 666
522 3728 628 3792 metum
655 3743 722 3794 esse
748 3727 815 3791 iure
842 3726 948 3790 reieeit
971 3724 1068 3790 lieni.

40 3823 209 3898 loisellii.
238 3853 269 3916 p.
290 3834 379 3907 494„
407 3849 468 3895 nou
492 3831 642 3906 fauturus,
672 3829 699 3892 si
728 3830 794 3910 quis
822 3828 1013 3910 explicuisset
1041 3835 1070 3886 et

39 3933 125 3996 tuan.
153 3933 374 4002 Goueluiuutur
389 3933 466 3998 euim
481 3931 643 4013 propositis
660 3931 820 3994 eouueria
845 3927 971 4004 „Talem
985 3941 1071 3988 usum

40 4033 187 4106 prosulas
207 4035 372 4116 legitimum
392 4051 473 4109 esse,
495 4032 590 4096 siauhi
611 4047 666 4114 per
684 4031 851 4094 irrisionem
870 4027 920 4092 uel
934 4023 1070 4088 aileetio·

42 4141 93 4194 tto
115 4139 204 4202 animi
229 4156 279 4204 res
300 4137 517 4204 diversissimae
538 4132 764 4206 oontenrlautur,
790 4129 955 4192 ermemiri
974 4132 1073 4208 potest

35 4243 71 4294 ‘⁹¹
86 4234 164 4303 Verr.
182 4241 219 4310 V.
241 4245 276 4318 2,
297 4238 328 4304 5.
360 4239 457 4320 legg.
478 4235 517 4302 11.
538 4237 595 4318 21,
615 4233 694 4300 56.“
730 4232 909 4306 Bouiania
950 4227 990 4294 ili
1009 4227 1071 4292 loti

796 4344 861 4413 24*
