2660 4776
194 426 345 498 oneris
367 397 668 513 succurrens
689 431 794 503 nou.
814 433 924 504 uisu.
1002 439 1084 512 m

55 602 184 666 unitior
202 603 288 668 etiam
309 613 339 670 et
358 603 475 668 ducier
494 607 561 689 ipso
578 605 723 672 Cicerone
741 607 844 685 luerit,
867 625 982 684 eorum,
1003 627 1083 692 qnae

55 711 182 766 cruorem
202 705 364 786 perfectum
383 707 495 770 habere
516 707 613 785 decet,
639 727 700 772 una
720 710 904 774 vehementia
927 709 1082 776 meeum

54 804 239 868 movendorum
268 808 380 884 carad,
409 807 541 874 docendo
568 818 598 874 et
622 810 811 890 delectando,
837 829 926 896 mam
953 811 992 876 ad
1012 829 1081 896 per·

53 907 196 970 suasionem
217 907 351 988 cogendo
373 908 503 974 auditori
522 913 662 976 intentior
674 907 740 990 (⁶⁰).

501 1063 529 1150 §-
553 1061 604 1129 aa.

327 1173 497 1246 Eloquentia
512 1177 611 1234 aetatis
627 1179 776 1250 sequentis.

120 1275 252 1342 Videmus
283 1279 377 1359 igitur
407 1281 464 1352 hac
496 1290 613 1361 aetate,
655 1303 715 1366 qua
746 1283 863 1348 summis
896 1281 1083 1366 eloquentiae

52 1379 169 1455 praemiis
195 1381 358 1462 propositis
384 1380 572 1447 felicissimus
601 1393 752 1450 oratorum
779 1392 938 1468 prouentus
961 1385 1081 1460 exstitit,

52 1475 146 1542 dicendi
171 1483 294 1566 cupidos
315 1485 475 1568 plurimos,
506 1485 632 1550 disertos
652 1486 733 1550 haud
753 1504 880 1569 paucos,
911 1485 1082 1566 eloquentes

50 1595 96 1640 non
118 1583 211 1646 nullos
243 1585 346 1648 luisse.
391 1587 563 1652 Ciceronem
592 1589 760 1670 aequalium
783 1596 812 1651 et
833 1588 949 1652 omnino
971 1587 1081 1652 Roma·

50 1687 273 1750 nommomnium
293 1689 490 1772 principatum
509 1707 672 1772 occupasse
689 1691 871 1754 consentiunt
887 1705 999 1752 omnes:
1021 1705 1082 1750 non

50 1782 112 1859 quod
126 1787 220 1848 onnia
240 1790 455 1870 perfectissima
470 1791 622 1868 habuerit,
640 1791 693 1854 sed
710 1789 943 1874 quodplnrima;
960 1796 1082 1870 praeter

49 1880 108 1945 hunc
127 1894 251 1952 naturae
272 1891 403 1955 bonitate
419 1891 451 1956 G.
470 1889 583 1955 Caesar
606 1897 634 1953 et
654 1892 689 1970 Q.
708 1893 895 1966 Hortensius,
911 1889 1082 1952 studiorum

49 1979 182 2062 diligentia
214 1987 250 2054 G.
283 1991 392 2058 Caluus
424 2001 538 2056 ceteros
571 1993 731 2055 anteibant.
784 1991 845 2056 Sed
875 1999 996 2073 praeter
1026 1991 1081 2052 hos

49 2088 130 2164 magui
160 2089 258 2154 adhuc
286 2101 371 2156 erant
393 2095 438 2158 M.
463 2093 597 2158 calidius
625 2094 691 2157 Ser.
713 2092 865 2174 Sulpicius
892 2092 937 2154 M.
961 2089 1081 2155 (laelius

48 2181 143 2264 liuius}⁴
159 2191 185 2252 si
208 2191 243 2256 G.
262 2192 352 2258 Curio
374 2179 420 2256 luis
442 2195 611 2278 comparari
631 2202 712 2258 recte
730 2213 790 2258 non
811 2199 925 2275 potest,
944 2191 993 2256 uel
1011 2209 1095 2273 per-·

47 2303 132 2351 uersae
157 2291 189 2352 in
217 2295 403 2376 republica
430 2295 563 2377 gerenda
588 2297 677 2360 menti
704 2303 754 2358 aut
773 2293 919 2359 uoluntati
940 2313 959 2354 a
978 2291 1082 2355 studiis

47 2384 179 2454 literarum
196 2412 322 2458 auersae
346 2397 434 2480 culpa
449 2395 549 2460 danda
568 2397 693 2461 uidetur.
723 2397 836 2460 Rursus
858 2395 904 2458 his
922 2394 1082 2457 inferiores

48 2500 115 2552 erant
130 2493 175 2556 Μ.
193 2495 361 2560 Marcellus
381 2499 426 2562 M.
444 2498 518 2562 Gatc
539 2499 584 2562 M.
601 2499 725 2574 Brutus,
745 2499 840 2560 minus
856 2497 969 2576 ingenii
984 2493 1082 2557 felici·

47 2594 103 2667 tate,
131 2613 218 2676 mam
242 2597 321 2678 quod
347 2599 480 2664 consulto
506 2599 597 2662 aliam
619 2599 777 2682 eloquendi
796 2601 875 2664 uiam
895 2597 1080 2660 insistebant.

47 2687 93 2752 Sed
111 2693 236 2776 spraeter
263 2699 319 2762 hos
341 2697 425 2762 multi
448 2699 600 2777 dicebant,
628 2717 752 2782 qaorum
774 2697 962 2780 quibusdam,
991 2703 1023 2758 ut
1045 2693 1071 2758 Τ

47 2788 181 2878 Torquato
202 2806 232 2862 et
244 2797 278 2890 c.
289 2799 410 2863 Triario
429 2819 480 2864 eas
490 2801 594 2864 laudes
611 2801 740 2884 impertit
751 2799 873 2874 (dicero,
889 2805 922 2860 ut
938 2813 1081 2860 conuerso

47 2910 238 2940 Ἣ

98 2973 139 3043 tu)
162 2977 232 3040 Huc¹
248 2977 365 3032 redeunt
382 2975 544 3036 Quintiliani
562 2975 689 3031 iudicium
708 2976 743 3031 X.
763 2975 794 3043 l,
814 2973 871 3030 113.
898 2974 932 3030 cl.
950 2975 970 3030 l.
989 2975 1021 3041 7,
1039 2971 1081 3028 35.

45 3051 91 3112 ΧΠ.
102 3060 145 3130 tl,
157 3062 203 3118 28.
224 3068 251 3114 et
263 3061 389 3126 Senecae
401 3062 535 3116 Controu.
553 3059 572 3117 l.
585 3079 609 3115 e.
628 3061 662 3115 ci.
674 3061 738 3116 dial.
754 3061 790 3114 de
803 3067 884 3114 oreta
896 3057 939 3114 m.
970 3057 1082 3114 Famam

46 3139 122 3200 diserti
137 3149 314 3202 retinuerunt
326 3145 423 3202 Horat.
441 3146 478 3200 acl
491 3145 586 3202 Pisou.
603 3145 663 3202 370.
687 3141 783 3200 'libuli
798 3141 946 3211 1V.1‚ts.
972 3143 1083 3198 Seneca

44 3221 176 3288 lucaman.
190 3249 219 3304 p.
229 3231 290 3288 386.
315 3232 386 3288 llinc
401 3249 468 3290 suae
482 3234 580 3290 aetatis
596 3231 733 3294 homiuum
747 3231 940 3302 plerorumque
957 3228 1082 3284 iactatio·

43 3325 92 3368 nem
106 3327 216 3374 secutus
233 3317 309 3390 Aper
331 3319 359 3372 in
379 3319 443 3374 dial.
462 3319 497 3374 de
516 3325 596 3376 dreit.
614 3337 638 3376 c.
656 3317 699 3373 aa.
718 3317 811 3371 dicere
828 3317 932 3386 potuit,
956 3330 1012 3368 non
1031 3329 1082 3382 per

44 3395 116 3466 ipsum
140 3403 268 3471 stetisse,
292 3422 345 3476 quo
369 3406 457 3460 minus
480 3405 611 3460 laetitiam
632 3414 661 3460 et
682 3405 798 3458 nitorem
821 3401 961 3471 sequentis
985 3397 1083 3452 aetatis
1162 3405 1165 3411 '

42 3487 208 3555 exprimeret:
232 3486 337 3544 seilicet
361 3499 438 3544 aetas
456 3489 597 3546 Ciceronis
615 3487 728 3544 horrida
752 3503 808 3540 rron
827 3485 908 3540 nullis
928 3483 1082 3548 videbatur,

43 3571 206 3635 ademerat
224 3591 241 3626 a
256 3573 355 3644 puerili
369 3577 564 3630 sententiarum
582 3573 720 3638 acumine,
740 3570 826 3626 virilis
839 3569 930 3642 potius
944 3563 1084 3639 dignitatis

42 3655 168 3727 sudium,
193 3673 277 3729 quam
299 3659 475 3715 muliebribus
497 3659 603 3715 artibus
626 3664 743 3729 compta.
778 3655 873 3710 Verba
895 3661 986 3708 tamem
1006 3651 1084 3709 Mes·

42 3737 117 3795 saliae
134 3743 272 3814 quaedam
290 3745 374 3800 etiam
392 3745 563 3803 Quintiliano
581 3744 753 3800 obsolevisse
769 3741 949 3808 videbantur,
971 3743 1001 3792 ut
1016 3737 1082 3808 pla-

43 3818 114 3882 dlcla
130 3827 151 3882 l.
166 3829 200 3896 6,
214 3830 271 3896 ΔΜ,
288 3830 364 3902 quod
380 3827 427 3884 illo
445 3848 462 3884 a
479 3830 567 3884 ferma
584 3829 722 3902 placitum
739 3827 803 3883 oriri
820 3827 941 3896 potuisse
959 3821 1084 3911 putabat,

42 3906 69 3959 ci.
85 3907 239 3968 Varronem
257 3915 293 3970 de
309 3913 342 3968 [ι.
353 3911 387 3970 1..
405 3914 453 3970 lX.
472 3915 516 3970 81.
532 3932 560 3984 p.
580 3914 637 3969 224.
654 3913 754 3970 Muell.
789 3911 925 3964 Vitiosum
947 3908 976 3959 in
991 3921 1026 3958 eo
1040 3919 1082 3956 re·

41 3994 101 4057 perit
116 3997 194 4068 Aper
214 3999 242 4052 in
261 4001 325 4054 dial.
344 4001 380 4054 de
398 4017 439 4056 or.
457 3999 518 4066 20„
538 3993 613 4069 quod
632 4016 649 4053 a
665 3995 824 4055 valetudine
843 3987 1002 4046 excusanda
1019 3995 1083 4056 pro-

41 4080 120 4132 oemia
136 4082 255 4138 duxerit.
279 4085 316 4139 At
327 4083 511 4144 Quintilianus
525 4083 573 4137 lv,
586 4084 610 4150 l,
620 4084 648 4140 ti.
663 4079 764 4155 ingenii
775 4084 801 4132 ie
811 4077 910 4134 virium
925 4068 1084 4126 infirmitate

41 4157 147 4231 ligem
165 4164 327 4222 confitenda
339 4181 467 4240 magnam
484 4169 634 4240 prooemiis
649 4161 913 4223 commendationem
928 4163 1082 4233 maeonium

41 4252 149 4305 testatur.
186 4249 272 4322 igitur
290 4252 344 4308 hoc
362 4271 471 4324 quoque
488 4254 535 4314 ille
553 4271 589 4308 ea
605 4247 846 4329 seculiiaetentia.
932 4309 935 4313 ¹

805 4349 869 4444 no*
1165 4392 1167 4396 -
