2702 4768
206 431 357 502 BREVIS
379 430 677 514 ELOQUENTIAE
699 429 802 500 ROM.
825 433 934 502 HlST.
1040 439 1095 510 al

64 609 197 688 rrtriospoe
228 624 289 670 non
320 607 433 681 obstat;
467 605 582 668 accedit
613 605 752 668 disertum
780 605 932 672 Ciceronis
964 611 1094 674 testimo

64 712 129 770 nium
139 705 197 788 (⁹¹),
217 726 276 789 quo
289 706 486 770 dubitationes
499 707 673 790 Glandorpii
684 708 868 788 aliorumque
879 710 1021 773 tolluntur
1031 709 1094 792 (³²).

63 811 107 870 liic
131 810 219 890 patris
245 827 309 872 cum
337 810 451 871 maiore
471 809 615 872 Africano
636 810 793 872 amicitiam
816 809 946 874 discordi
970 831 1034 876 cura
1057 817 1093 878 L.

64 911 184 990 Scipione
201 911 337 972 Asiatico
366 909 521 972 constrictu
548 910 710 973 discussam
733 929 798 973 oum
818 911 900 974 illius
921 923 1029 995 nepote
1050 917 1094 978 ita

66 1011 162 1074 videtne
191 1012 381 1093 repetivisse,
413 1019 461 1086 ut,
495 1021 604 1092 quanto
638 1020 721 1075 aetas
755 1013 817 1074 eius
849 1013 928 1076 cultu
954 1015 1094 1095 politiore

64 1113 232 1191 profecisset,
250 1121 333 1176 tanto
348 1114 479 1178 uirorum
495 1113 683 1176 familiaritas
699 1114 828 1194 posteris
844 1122 921 1176 esset
939 1115 1094 1182 illustrior.

65 1215 166 1276 baalim
192 1215 338 1296 plebeiam
367 1214 562 1289 aedilitatem,
591 1215 672 1276 ouius
693 1215 883 1294 magistratus
904 1217 992 1297 primi
1013 1227 1095 1281 certa

66 1316 184 1376 memoria
205 1324 316 1391 exstat,
340 1315 442 1378 eodem
464 1334 541 1378 anno
563 1317 671 1394 gessit,
705 1334 763 1397 quo
782 1316 940 1379 Africanus
963 1321 1093 1382 cumidem

67 1415 188 1493 petiturus
209 1417 248 1478 ad
271 1417 456 1479 consulatum
479 1425 595 1479 erectus
618 1425 676 1492 est,
699 1436 727 1478 a.
750 1419 822 1480 697.
856 1419 922 1495 Qua
943 1419 980 1482 de
1002 1439 1094 1484 causa

66 1515 223 1596 reliquorum
254 1521 480 1599 magistratuum
510 1519 687 1580 consortium
720 1536 785 1580 cum
810 1519 953 1582 Africano
981 1522 1093 1585 habere

66 1633 111 1676 non
128 1620 223 1698 potuit.
257 1620 304 1682 Ne
324 1620 399 1682 illud
422 1619 538 1701 quidem
560 1621 632 1681 satis
650 1628 764 1682 constat
782 1621 899 1702 quando
914 1623 1092 1686 tribunatum

66 1715 165 1780 bachus
191 1723 335 1799 gesserit:
361 1741 428 1784 nam
451 1721 530 1803 quod
556 1722 703 1783 tribunum
723 1723 846 1802 Pighius
868 1723 951 1803 ponit
977 1741 1005 1784 a.
1028 1725 1090 1786 603

68 1833 95 1876 ca
117 1818 148 1881 de
172 1838 262 1884 causa
290 1823 416 1904 probari
436 1841 496 1886 non
516 1831 629 1904 potest,
659 1823 738 1904 quod
761 1824 891 1886 curulem
911 1823 1092 1887 aedilitatem

68 1933 97 1978 ex
112 1920 250 1986 tribunatu
271 1925 392 2005 plurimi
412 1926 573 2005 petierunt,
601 1924 654 1987 sed
674 1925 794 2006 plebeia
817 1925 953 1986 aedilitas
976 1945 1093 2008 semper

68 2016 148 2081 habita
177 2031 218 2084 est
247 2025 329 2087 inira
361 2025 533 2105 dignitatem
558 2025 753 2088 tribuniciam.
804 2025 865 2087 Sed
893 2028 1092 2089 memorabilis

68 2118 206 2184 munaus
220 2134 265 2190 est
283 2135 407 2208 propter
422 2126 746 2190 honorificentissimum
764 2125 913 2206 Sapientis
930 2144 1092 2205 cognomen

68 2219 157 2285 bacho
170 2225 305 2304 inditum,
328 2230 411 2290 cuins
432 2229 478 2290 rei
499 2245 618 2290 oausam
635 2227 810 2290 Plutarchus
833 2227 929 2307 aperit
940 2221 1001 2306 (⁹³).
1042 2228 1091 2290 ln-

70 2321 180 2388 stitnerat
205 2331 296 2405 enim,
324 2337 357 2392 ut
374 2330 457 2412 plebi
477 2331 559 2412 inopi
581 2328 793 2411 opitularetur,
820 2328 918 2407 legem
939 2329 1092 2408 agrariam

70 2420 143 2487 ieme:
166 2429 214 2492 sed
242 2449 309 2493 cum
330 2433 485 2512 optimates
506 2431 757 2495 uehementissime
775 2431 988 2506 obniterentur,
1013 2450 1091 2493 rem·

70 2525 191 2601 publicam
217 2533 339 2612 granius
367 2534 514 2595 turbatum
541 2533 580 2594 iri
608 2532 783 2614 praevidens
806 2533 923 2596 abiecit.
964 2533 1092 2596 Praetor

71 2639 92 2686 t·
115 2629 169 2693 698
198 2651 269 2716 sane
302 2635 477 2716 popularem
510 2634 546 2696 de
577 2632 779 2695 sacerdotibus
816 2649 877 2695 non
909 2651 928 2693 a
960 2633 1090 2714 collegio

71 2732 230 2810 cupariis,
264 2734 318 2797 sed
344 2754 363 2796 a
388 2736 499 2816 populo
527 2735 662 2797 creandis
689 2734 787 2813 legem
808 2734 952 2796 Liciniam
975 2735 1091 2797 dissua-

71 2825 273 2916 cistercioque,
305 2845 338 2898 ut
366 2838 587 2918 antiquaretur:
619 2837 663 2897 ita
691 2835 904 2898 vetustissimus
933 2835 1092 2914 cooptandi

72 2941 119 2988 mos
144 2935 233 2998 moltis
269 2937 383 3000 demtum
410 2939 494 3000 annis
522 2943 589 3022 post
615 2936 685 3014 lege
711 2935 843 2996 Domitia
875 2933 1007 2996 sublatos
1037 2942 1090 3000 est

71 3023 134 3092 llaec
155 3043 194 3098 est
219 3039 385 3102 clarissima
410 3039 467 3101 illa
493 3040 527 3098 de
550 3037 674 3112 octupiis
693 3035 789 3096 oratio
808 3029 877 3113 (⁹⁴),
904 3052 964 3114 qua
984 3035 1091 3098 Laelio

71 3123 135 3192 fimo
149 3135 199 3199 illa
217 3140 255 3202 de
278 3142 433 3220 auguralis
455 3137 629 3220 discipliuae
650 3136 758 3198 eximia
780 3135 948 3214 cognitione
963 3137 1091 3198 maxima

72 3239 140 3304 lanta
162 3247 202 3300 est
218 3237 283 3321 (⁹5).
332 3243 380 3304 Ex
406 3248 548 3324 praetura
574 3238 696 3302 Laelius
721 3237 894 3319 Hispaniam
918 3236 1090 3300 ulteriorem

72 3335 223 3404 prouinciam
243 3344 365 3406 sortitus
388 3343 518 3423 wamma
539 3343 571 3406 iu
589 3341 701 3404 minore
718 3339 843 3401 materia
858 3357 924 3401 sese
940 3339 1090 3421 Scipionis

73 3441 195 3503 cestorum
220 3463 281 3507 non
308 3445 459 3524 indignum
487 3443 697 3506 aemulatorem
724 3439 850 3502 ostendit
857 3463 866 3516 ;
892 3441 984 3520 fregit
1015 3443 1091 3504 enim

73 3526 206 3606 Viriathum
218 3547 427 3610 Lusitanorum
448 3545 565 3620 ducem,
587 3552 619 3606 nt
636 3541 857 3606 succedentibus
874 3541 985 3602 bellum
1000 3541 1091 3604 facile

73 3630 102 3692 td
124 3643 320 3710 coniciendum
345 3647 525 3729 relinqueret
547 3642 609 3728 (⁹⁶).
660 3643 732 3708 Cum
760 3641 943 3706 consulatum
967 3651 1090 3726 peteret,

74 3749 251 3781 K.-

123 3832 163 3905 91)
179 3841 234 3899 Cic.
243 3843 314 3900 Phil.
322 3843 371 3900 Xl.
382 3846 407 3899 7.
493 3843 538 3912 99)
550 3843 648 3898 Gland.
659 3839 758 3898 Ouom.
769 3858 795 3912 p.
806 3841 864 3897 515.
954 3843 999 3911 99)
1015 3842 1089 3897 Plut.

73 3906 118 3969 itt.
133 3919 237 3986 Grarcb.
255 3930 281 3984 8.
316 3929 383 3985 Non
401 3938 522 4002 pugnat,
540 3928 590 3983 sed
608 3925 752 3981 confirmat
769 3935 843 3988 recte
861 3927 1016 3982 intellectus
1033 3927 1089 3981 cic

72 3991 206 4076 999198,
222 4015 264 4069 at.
299 4015 371 4070 Hinc
388 4015 509 4070 doctum
530 4029 581 4084 per
598 4009 762 4081 ὑπαλλαγὴν
784 4018 869 4065 vocat
885 4011 997 4069 Qudmtil.
1017 4007 1090 4095 ylll.

72 4077 97 4146 θ’
110 4084 157 4157 33η
174 4100 244 4165 quod
262 4117 316 4156 non
338 4101 508 4175 intelligebat
526 4099 710 4170 Spaldingins.
798 4095 843 4164 94)
862 4095 918 4152 (ile.
935 4093 973 4149 N.
986 4093 1022 4148 D.
1041 4092 1089 4149 lll.

72 4161 95 4300 ᾗ,
109 4170 130 4227 5.
152 4174 226 4240 aaut.
237 4185 286 4254 ar,
299 4185 342 4244 aa
429 4187 474 4255 os)
496 4187 552 4244 ca.
565 4183 636 4240 Puri.
654 4183 688 4239 n.
703 4182 753 4248 aa,
769 4181 812 4238 aa
900 4179 946 4248 oo)
962 4180 1018 4237 ore.
1033 4177 1090 4236 oa.

93 4257 209 4328 ’1194οι
