2640 4780
234 424 340 498 2⁰⁰
622 417 892 490 CICERONIS

233 613 335 680 neque
355 591 449 658 nimis
470 599 520 657 est
539 589 645 662 iulans
666 610 767 677 neque
784 589 922 679 perfecte
939 589 1067 658 diserta
1112 589 1187 658 1⁰2.
1211 590 1279 658 llu-

235 713 304 779 cius
333 717 436 776 autem
465 727 566 796 augur
592 710 676 797 quod
704 730 761 798 pro
788 729 824 775 se
851 728 929 797 opus
955 720 1025 776 erat
1050 711 1120 798 ipse
1147 709 1277 788 dicebat,

234 839 267 896 ut
293 827 333 894 de
360 829 503 916 pecuniis
529 828 709 916 repetundis
736 837 846 896 contra
872 825 912 892 T.
932 826 1111 894 Albucium.
1153 830 1184 892 is
1211 848 1278 895 ora·

233 957 334 1014 torem
355 948 390 1012 in
409 965 537 1012 numero
558 965 620 1012 non
645 946 715 1024 luit,
736 947 814 1011 iuris
833 943 937 1012 civilis
957 945 1177 1031 intellegentia
1192 957 1277 1032 atque

203 1077 210 1088 “
236 1066 321 1132 omni
347 1063 529 1152 prudentiae
557 1083 675 1149 genere
699 1065 863 1151 praestitit.
905 1061 943 1128 L.
967 1061 1097 1130 Caelius
1118 1063 1279 1151 Antipater

235 1185 383 1271 scriptor,
406 1201 496 1269 ιῙιιιιιι
519 1181 562 1248 ad
584 1181 707 1249 modum
728 1182 856 1260 videtis,
878 1181 935 1247 luit
957 1191 989 1247 ot
1008 1181 1200 1270 temporibus
1217 1182 1279 1248 illis

233 1301 410 1368 luculentus
426 1301 505 1366 iuris
518 1299 612 1367 valde
628 1302 761 1388 peritus,
777 1299 942 1368 multorum
957 1302 1051 1366 etiam
1069 1309 1102 1366 ut
1117 1297 1155 1366 L.
1172 1295 1279 1367 Crassi

234 1422 396 1506 magister.

319 1533 452 1602 XXVII.
480 1535 552 1604 108.
577 1535 702 1604 Utinam
728 1539 762 1604 iu
788 1535 840 1604 Ti.
871 1535 1015 1604 Graccho
1038 1535 1179 1622 Gaioque
1204 1534 1280 1602 Gar-

235 1654 318 1723 hone
339 1655 415 1722 talis
435 1674 524 1722 mens
542 1655 584 1722 ad
604 1676 669 1722 rem
690 1653 849 1744 publicam
865 1653 946 1720 bene
966 1655 1134 1740 gerendam
1157 1653 1281 1726 luisset.

237 1773 331 1860 quale
361 1775 521 1858 ingenium
555 1772 596 1840 ad
621 1771 703 1840 bene
730 1773 894 1864 dicendum
920 1772 991 1838 luit:
1023 1773 1163 1860 prolecto
1189 1793 1278 1841 nemo

235 1890 287 1958 its
317 1893 396 1958 uiris
428 1891 534 1975 gloria
563 1893 782 1979 praestitisset.
830 1889 897 1958 Sed
924 1909 1031 1958 eorum
1055 1891 1137 1957 alter
1159 1900 1281 1978 propter

235 2009 543 2076 tmomentissomum
560 2009 764 2088 tribunatum,
786 2011 827 2076 ad
842 2029 933 2096 quem
955 2029 995 2075 ex
1010 2009 1130 2075 invidia
1144 2009 1280 2075 foederis

234 2123 415 2194 Numantini
436 2127 529 2195 bonis
551 2129 650 2195 iratus
674 2137 869 2205 accesserat,
891 2127 931 2192 ab
954 2129 1025 2214 ipsa
1042 2147 1077 2192 re
1093 2126 1223 2213 publica
1237 2136 1280 2192 est

235 2245 434 2325 interiectum
469 2246 550 2311 alter
573 2256 700 2333 propter
721 2255 901 2332 perpetuam
930 2247 964 2310 iu
989 2243 1132 2331 populari
1161 2249 1279 2312 ratione

234 2361 394 2428 levitatem
415 2372 514 2428 morte
534 2362 713 2428 voluntaria
735 2383 771 2428 se
794 2382 815 2429 a
836 2365 1003 2428 seueritate
1024 2361 1163 2428 iudicum
1183 2363 1279 2430 uindi-

236 2481 329 2546 cauit.
374 2476 441 2544 Sed
465 2479 523 2544 luit
547 2489 675 2566 uterque
701 2499 838 2546 summus
870 2489 991 2546 orator:
1020 2488 1113 2565 atque
1134 2478 1205 2546 hoc.
1220 2500 1279 2546 me·

235 2599 340 2664 moria
364 2605 484 2683 petrum
510 2606 590 2668 teste
619 2597 760 2666 dicimus.
810 2594 883 2664 lot.
910 2616 985 2662 nam
1011 2605 1042 2662 et
1064 2593 1224 2664 Carbonis
1253 2607 1279 2663 ιι

237 2711 374 2782 Gracchi
399 2713 552 2781 habemus
572 2717 732 2783 orationes
753 2715 890 2783 nondum
911 2715 991 2782 satis
1011 2713 1197 2803 splendidas
1216 2736 1279 2782 uer-

235 2831 304 2913 tis,
335 2831 394 2902 sed
414 2842 529 2903 ‚acutas
553 2834 796 2926 prudentiaeque
817 2833 1038 2926 plenissumae.
1086 2829 1158 2900 Fuit
1187 2833 1280 2902 Grae

301 3054 346 3098 ιιι.
373 3052 458 3108 cedd]
473 3052 561 3096 sedet.

307 3221 366 3278 lor.
401 3221 482 3294 quod
494 3239 553 3296 pro
571 3238 604 3277 oe
621 3237 696 3294 opaea
713 3222 793 3291 erat]
816 3237 886 3278 eum
897 3238 958 3296 pro
976 3239 1008 3276 ιι
1027 3237 1100 3295 opus
1118 3229 1186 3278 erat
1202 3223 1279 3278 Scle-

236 3307 327 3378 vlugi,
344 3307 446 3378 quoad
456 3325 490 3380 p.
506 3325 531 3362 s.
546 3311 595 3360 &a
613 3304 703 3362 Orelli
719 3309 891 3373 coniectura3
909 3317 1007 3362 neutra
1022 3308 1154 3362 librorum
1172 3309 1278 3378 scripto·

236 3407 287 3446 rae
304 3392 455 3461 aequanda.
491 3393 589 3448 Cicero
606 3391 666 3462 ipsa
683 3393 724 3446 sul
739 3393 876 3463 interpres
893 3409 917 3446 c.
929 3393 978 3459 08,
997 3391 1069 3447 108.ι
1086 3391 1125 3448 P.
1144 3391 1278 3447 Lentulus

237 3476 281 3530 ad
302 3493 367 3531 rem
382 3475 543 3550 publicam
565 3475 714 3530 declamat
738 3477 818 3546 quod
843 3494 921 3548 opus
945 3483 1022 3530 esset
1044 3481 1121 3532 eatis
1146 3477 1277 3532 Ιιιιιιιίιιι

238 3561 422 3633 eloquentiae
441 3561 563 3617 dieitur.
599 3561 696 3616 Attulit
712 3558 854 3632 Meyerus.
889 3561 948 3615 Sed
965 3563 1015 3616 etsi
1029 3579 1087 3634 pro
1105 3580 1138 3616 ee
1154 3572 1231 3618 recte
1245 3561 1278 3614 in·

237 3645 324 3716 telllgi
340 3655 447 3716 potest,
464 3647 559 3700 mirum
575 3655 666 3700 temen
681 3646 790 3700 videtur
803 3663 865 3700 eum
882 3646 1068 3714 condixisse,
1084 3647 1137 3702 nisi
1155 3664 1277 3703 reum.—

237 3726 273 3783 L.
293 3727 407 3797 ὒνιιιιι]
425 3729 502 3785 Latet
523 3729 626 3786 Graeci
641 3730 691 3804 og.
710 3731 751 3786 53.
770 3730 931 3786 586870.

307 3814 422 3870 xxvii.
460 3815 517 3870 108.
556 3815 699 3886 Gaioque]
719 3816 758 3870 sic
774 3815 863 3887 1138,
880 3815 922 3869 51.
936 3815 978 3870 53.
992 3815 1034 3870 58.
1050 3815 1093 3872 08.
1107 3815 1150 3870 70.
1174 3814 1244 3870 Ver.
1256 3817 1275 3868 l.

238 3895 348 3955 otc-
365 3898 436 3955 berte
453 3901 622 3968 dicendum]
643 3900 713 3954 deae
730 3917 783 3956 om.
797 3900 848 3973 Lg.
861 3901 905 3954 58.
917 3931 952 3940 -
969 3917 1055 3954 nemo
1073 3899 1120 3954 to
1135 3903 1222 3970 clete]
1238 3899 1276 3953 llo

236 3988 313 4042 utria
330 4001 417 4042 mmo
434 3986 486 4042 Gn.
506 3989 530 4042 1.
547 4016 582 4028 -
607 3986 746 4054 dicimus]
765 3985 928 4040 didicimus
946 3985 998 4040 Gu.
1017 3986 1041 4042 l.
1060 3985 1104 4041 ed.
1122 4003 1164 4056 pr.

309 4070 366 4126 104.
401 4089 462 4126 noa
478 4072 564 4139 dum]
587 4071 627 4124 sic
643 4069 694 4142 Lg.
713 4071 754 4126 39.
775 4069 817 4126 53.
837 4071 879 4126 50.
898 4071 940 4126 70.
958 4101 993 4110 -
1016 4070 1229 4143 plenissumae]
1243 4069 1277 4122 sie

236 4153 288 4226 ις.
302 4155 328 4210 8.
343 4156 385 4210 51.
398 4157 441 4213 50.
453 4156 495 4212 58.
516 4155 587 4210 Ven.
603 4157 673 4210 1.—
696 4153 922 4228 Mytilenaeum]
941 4155 1035 4210 favent
1052 4157 1155 4211 veriori
1170 4157 1278 4226 scriptu·

236 4254 286 4298 rac
302 4238 354 4312 Lg.
366 4240 392 4300 8.
408 4241 452 4298 51.
476 4237 571 4298 Οιιοι).
597 4239 668 4298 Ven.
686 4241 712 4297 1.
746 4240 957 4300 martianaeum
973 4241 1153 4313 praebentes,
1170 4239 1242 4296 ch.
1256 4238 1276 4292 l.
