2676 4774
184 421 332 492 Bnnvls
351 419 649 503 ELOQUENTIAE
671 417 774 488 ROM.
795 419 903 488 HlS'l'.
1000 424 1067 498 CC

45 615 90 679 que
106 597 250 660 destitmos
267 593 433 658 auditorum
448 593 608 676 plerusque
623 591 699 656 illud
716 593 828 672 argunt,
851 591 930 674 quod
944 593 988 656 M.
1004 595 1065 658 An·

44 700 109 762 tenio
133 704 252 779 propter
273 696 448 760 inuentionis
470 695 640 758 felicitatem
662 700 691 756 et
712 694 836 756 actonis
856 695 1066 758 vehementiam

44 799 142 880 quidam
160 799 353 880 principatum
370 795 536 860 detulerunt
551 795 640 876 plene
656 793 793 872 neglecta
807 795 964 859 uerborum
979 798 1066 862 boni-

44 907 102 975 tute,
130 917 148 962 a
173 918 233 979 qua
260 905 399 978 quantum
428 897 457 960 is
484 897 592 960 afuerit
618 894 693 958 illud
719 894 846 970 indicat,
875 895 954 978 qnod
981 901 1067 980 quusi

45 999 184 1062 excusandi
204 1017 296 1062 causa
317 999 453 1062 Ciceroni
474 998 580 1061 dicitur
603 1016 659 1056 noc
681 995 832 1056 admodum
852 1001 997 1078 inquinate
1019 999 1066 1062 lo·

45 1096 180 1181 cutus(⁶¹).
224 1100 330 1164 Talem
357 1101 403 1164 rei
431 1099 469 1162 ad
499 1098 627 1161 oratoris
656 1095 773 1158 laudem
802 1100 988 1162 necessariae
1014 1098 1066 1162 de-

44 1200 130 1262 iectum
150 1208 232 1264 aetus
253 1202 402 1282 posterior
423 1201 486 1282 pati
501 1217 560 1262 non
579 1197 688 1280 potuit:
710 1215 764 1260 nec
780 1196 811 1258 iel
832 1199 863 1260 in
880 1198 971 1262 ullum
988 1201 1067 1266 eadit

45 1318 138 1377 eorum,
162 1298 211 1382 uiri
234 1302 386 1368 Ciceronis
410 1300 552 1382 aequales
572 1299 699 1362 luerunt.

112 1403 243 1466 Ceterum
268 1403 305 1466 de
326 1410 446 1466 oratore
472 1400 632 1469 erudiendo
659 1407 687 1462 et
708 1399 888 1476 exercendo,
917 1402 998 1464 euius
1021 1404 1066 1466 rei

43 1503 88 1564 iae
102 1512 191 1566 uetute
207 1505 370 1567 necessitas
391 1521 451 1566 non
465 1503 658 1574 sentiebatur,
681 1519 746 1564 cum
766 1501 806 1564 od
824 1501 976 1566 Ciceronis
993 1511 1065 1566 tem-

44 1621 103 1682 pora
119 1607 354 1687 pervenerimus,
377 1604 486 1685 egendi
506 1603 590 1668 loeus
613 1603 679 1667 erit.

494 1769 520 1854 ς.
544 1773 594 1834 m.

442 1885 484 1942 Μ.
504 1884 645 1940 Antonius.

109 2011 246 2090 Origines
273 2011 369 2091 gentis
389 2010 536 2074 Antoniae
556 2007 629 2068 satis
653 2007 792 2086 autiquae
813 2014 893 2080 sunt;
922 2007 974 2068 sed
996 2025 1066 2072 uon-

43 2107 148 2172 sulatum
171 2131 326 2178 censuram
353 2119 382 2174 et
407 2110 583 2190 triumphum
604 2107 714 2187 primus
740 2107 838 2168 intulit
856 2108 901 2169 Μ.
923 2109 1067 2170 Antonius

44 2217 135 2272 erutor.
177 2215 293 2278 Mansit
320 2231 409 2294 gens,
435 2219 467 2273 ut
486 2207 608 2274 Lutatio
633 2207 783 2287 aliaeque,
813 2207 1017 2270 libertinorum
1039 2216 1069 2270 et

44 2306 195 2384 ignobilium
215 2316 363 2379 bominum
385 2313 471 2394 quasi
494 2310 598 2374 rivulis
620 2307 746 2370 deducta
767 2307 806 2370 ud
821 2309 952 2388 quintum
973 2325 1068 2389 usqne

44 2418 95 2485 pust
113 2413 258 2482 Christum
284 2424 388 2486 natum,
403 2413 542 2476 seculum.
585 2410 798 2474 Commemorat
820 2410 895 2472 enim
915 2410 1010 2486 virum
1030 2427 1066 2472 eo

44 2513 140 2576 nomine
160 2519 220 2580 sibi
242 2518 389 2596 cognitum
410 2513 598 2596 Symmachus
613 2507 678 2592 (⁶²).

109 2615 151 2678 Μ.
172 2619 316 2682 Antonius
343 2615 433 2680 CF.
456 2614 549 2678 CN.
574 2621 659 2676 nutus
686 2619 731 2674 est
758 2611 794 2688 Q.
816 2611 941 2674 Metello
962 2611 1068 2674 Mece-

44 2708 129 2776 lonico
160 2720 218 2799 Ap.
246 2717 371 2782 Claudio
399 2716 528 2780 Pulchro
564 2713 733 2776 consulibus
766 2730 794 2774 a.
820 2715 901 2787 oll;
931 2713 1068 2787 triennio,

44 2815 108 2876 euius
128 2821 174 2881 rei
196 2821 301 2884 Cicero
322 2817 417 2890 testis,
439 2818 476 2880 L.
499 2815 608 2878 Crasso
630 2815 725 2876 maior
736 2808 805 2889 (⁶³),
832 2813 883 2890 qui
906 2813 940 2876 C.
962 2813 1068 2874 Laelio

44 2912 69 2986 Q·
82 2917 226 3000 Caepione
248 2918 416 2981 oonsulibus
439 2924 524 2976 natus
546 2923 600 2976 est.
642 2915 762 2976 Mature
783 2911 915 2990 quidem,
937 2912 987 2990 qni
1006 2929 1069 2972 mos

44 3024 92 3076 erat
110 3020 355 3090 adolescentium,
376 3017 407 3076 in
429 3016 525 3076 forum
546 3014 662 3076 uenisse
682 3011 777 3073 rideri
796 3018 893 3090 potest
914 3009 1070 3072 secundom

44 3112 116 3192 ipsius
139 3119 221 3200 apud
236 3119 408 3180 Ciceronem
423 3115 529 3188 uerba,
552 3129 628 3194 quae
646 3113 678 3175 C.
691 3111 856 3174 Carbonem
878 3129 932 3192 pru
948 3112 984 3173 L.
996 3111 1070 3192 Opi·

44 3216 86 3278 nio
105 3219 248 3282 dicentem
271 3219 309 3280 ab
326 3233 363 3279 eo
385 3213 515 3276 eruditum
537 3213 690 3278 ostendunt
702 3209 769 3292 (Μ),
792 3230 869 3292 quoe
890 3229 982 3273 causa
1003 3220 1072 3274 acta

44 3323 77 3376 est
95 3337 120 3381 a.
143 3323 218 3384 ost:
248 3329 278 3382 at
298 3327 357 3381 tam
379 3316 608 3391 adolescentem,
630 3333 717 3388 uuam
739 3313 893 3390 Crassum,
920 3315 950 3375 in
972 3315 1070 3375 causis

43 3421 148 3493 agendis
171 3431 320 3486 versatum
348 3437 413 3482 esse
440 3417 522 3480 null'o
536 3417 715 3489 ,documento
741 3415 875 3478 efficitur.
918 3415 972 3477 Hic
994 3416 1070 3477 enim

45 3533 132 3610 tonum
157 3526 282 3606 primum
311 3529 340 3584 et
365 3520 533 3584 vicesimum
560 3535 653 3595 agens
680 3517 845 3578 Carbonem
871 3515 954 3578 illum
982 3534 1070 3578 accu-

45 3621 120 3684 aulo
141 3626 261 3700 afflixit,
289 3642 327 3686 ex
348 3641 406 3703 quo
433 3621 625 3700 interipsum
647 3625 676 3678 et
696 3617 853 3680 Antonium
881 3615 1070 3678 familiaritas

46 3723 171 3793 quaedam
203 3735 232 3790 et
258 3724 417 3788 aemulatio
449 3720 651 3784 intercessisse
680 3719 813 3782 ridetur:
846 3716 899 3780 sed
926 3719 1070 3780 Antonius

45 3819 151 3893 trinum
177 3835 317 3908 quaestor
345 3841 464 3887 causam
491 3839 575 3884 suam
602 3819 676 3882 (lixit
702 3819 738 3881 de
764 3821 878 3882 incestu
905 3827 1070 3892 accusatus,

47 3933 135 3987 annum
165 3945 257 4007 agens
288 3927 353 3990 fere
384 3925 570 3988 tricesimum.
615 3920 725 3983 Narrat
753 3921 891 3986 Valerius
919 3921 1069 3984 Maximus

44 4050 234 4077 κ-

103 4151 144 4221 tl)
160 4157 306 4215 Ciellrot.
324 4158 374 4224 37,
392 4157 449 4212 lto.
520 4152 566 4219 62)
583 4153 685 4224 Symm.
703 4149 774 4221 Epp.
792 4148 821 4204 lt.
835 4149 860 4203 t.
950 4147 996 4214 63)
1012 4144 1070 4202 cic.

48 4223 122 4292 Bmtu
139 4243 184 4312 u,
201 4243 260 4302 tor.
348 4243 394 4311 so
412 4243 469 4300 osc.
488 4240 524 4296 ce
542 4236 594 4296 cr.
612 4237 646 4296 n.
663 4236 714 4304 os,
735 4233 792 4291 tos.
918 4237 922 4243 ·
