2660 4776
210 417 358 488 naevis
380 417 679 502 ELOQUENTIAE
702 419 805 490 ROM.
827 421 937 493 fflST.
1017 427 1101 500 110

70 593 167 656 lliunae
187 592 287 656 uxoris
303 610 376 656 suae
392 592 481 658 tratri
500 592 626 658 reditum
640 593 799 672 rogatione
814 594 914 658 Plotia
934 595 1098 662 sonlemum

69 694 100 756 alr
120 711 155 756 oo
185 693 254 758 dioit
273 689 342 771 (⁷⁹),
370 711 430 758 nou
456 696 643 775 rogationem
671 695 763 758 Plotii
791 714 815 758 a.
844 696 955 761 Plautii
982 697 1099 762 Siluani

68 801 180 874 speeml,
207 811 284 874 quae
304 795 403 860 sooios
430 796 510 858 intra
529 796 735 877 praestdmum
754 804 867 878 tempus
888 797 1041 878 professos
1066 798 1098 862 im

67 895 195 959 eisitutom
221 895 316 976 recipi
340 895 477 960 inhelat:
504 905 570 962 erat
597 897 673 960 enim
695 897 790 962 Cinna
817 899 906 974 einis,
932 897 985 962 sed
1012 899 1097 962 exsul

66 1003 170 1076 propter
192 995 297 1062 Sullae
318 996 561 1072 dominationem
583 997 636 1060 sed
657 997 734 1060 alius
757 999 908 1065 cuiusdam
927 999 1039 1063 Plautii
1060 998 1097 1065 de

66 1097 179 1160 exereitu
192 1097 369 1178 Lepidiauo.
400 1098 467 1162 llsr
488 1099 584 1178 magis
604 1099 663 1162 iam
680 1099 813 1164 Suetonii
830 1108 928 1164 aetate
941 1101 1097 1167 musaeus

65 1195 93 1258 de
116 1198 247 1262 unedone
275 1198 401 1278 quadam
428 1219 481 1278 pso
513 1202 547 1270 Q.
569 1200 701 1272 Metelle,
735 1201 787 1281 qui
815 1202 881 1282 ipse
909 1202 975 1284 qula
1006 1201 1097 1268 suerit

63 1297 217 1374 ignoratum
250 1299 468 1364 inscribebatur
499 1300 575 1363 erim
606 1301 638 1362 iu
669 1301 844 1382 qmbusdam
876 1302 1095 1384 exemplaribus

63 1417 133 1474 meu
154 1403 270 1477 sasemis
296 1402 432 1475 Μιιιῑῐος
463 1408 542 1466 uerte
567 1403 719 1482 Augustus
746 1403 823 1468 male
849 1404 1094 1485 submonentibus

61 1497 137 1562 nerlu
156 1497 279 1566 dioentia
300 1503 441 1566 actuariis
463 1510 615 1584 exceptam
635 1491 773 1580 eredidit,
794 1523 854 1568 uon
872 1506 998 1586 ab-ipso
1016 1504 1093 1572 css-

62 1615 116 1662 aare
136 1599 243 1664 odilam
259 1596 322 1681 (⁸⁰).
364 1602 427 1666 Neo
448 1621 526 1684 quae
546 1605 699 1670 ferebatur
720 1606 758 1666 nd
778 1607 881 1666 milltes
900 1610 931 1665 iu
948 1609 1094 1684 Hispooio

61 1697 165 1781 duplex,
186 1703 274 1783 prior
295 1710 363 1768 aute
384 1703 531 1785 praelium
552 1704 605 1785 (ad
622 1704 766 1770 Mundam
787 1703 886 1787 puta),
908 1705 1005 1768 altera
1024 1712 1093 1786 post

59 1801 186 1878 praelium
202 1803 319 1880 lelius,
340 1806 475 1884 Augusto
497 1807 732 1880 uerarisues13
754 1805 914 1868 secedebat
935 1804 1091 1870 adversum

57 1901 136 1964 lsiuii
154 1904 303 1970 Pollionis
325 1906 520 1970 testimonium
546 1915 668 1988 propter
688 1907 870 1986 repentinam
891 1907 1018 1970 hosfium
1044 1907 1091 1968 iu-

57 2003 207 2068 ourriunem
233 2023 271 2068 ne
298 2013 411 2087 tempus
439 2005 555 2088 quidem
585 2007 692 2070 milites
722 2005 894 2086 alloquendi
921 2023 1091 2070 eoueessnm

55 2099 211 2184 luisse(⁸¹).
254 2107 390 2188 Denique
410 2109 587 2186 ignorentur
609 2105 713 2186 quales
735 2107 846 2170 lueriut
866 2106 1016 2174 ouationes
1036 2124 1090 2182 sse

55 2207 126 2265 nmio
141 2210 286 2280 semele,
307 2228 361 2285 prs
375 2208 529 2270 Medulla
549 2213 653 2272 eontra
668 2207 867 2290 Hiempsalem
888 2213 917 2272 et
936 2223 989 2286 pro
1006 2208 1090 2280 Noas

54 2301 207 2376 llioumedia
228 2309 291 2376 iliu
308 2306 373 2389 (⁸2).

513 2473 540 2557 u.
562 2477 614 2538 ue.

344 2647 347 2654 ,
466 2586 508 2644 Μ.
528 2589 658 2646 Calidius.

122 2713 195 2776 Cum
219 2711 363 2778 (lioerome
384 2713 458 2777 uiuit
484 2713 572 2776 etiam
594 2719 661 2778 outo
686 2711 735 2776 uel
756 2711 856 2774 deeem
882 2711 966 2774 anuis
992 2710 1088 2776 miror

51 2815 84 2872 M.
103 2813 231 2874 dandus
252 2813 353 2890 Quinti
372 2813 454 2876 illius
475 2812 568 2886 ullus,
590 2812 672 2876 euius
693 2812 851 2889 rogatione
871 2811 941 2874 elim
963 2809 998 2885 Q.
1019 2810 1086 2873 Me·

50 2912 123 2978 ullus
144 2913 316 2978 Numidicus
342 2914 493 2974 restitutus
515 2919 569 2974 est.
610 2912 649 2976 Et
670 2911 697 2972 is
718 2910 836 2990 quidem
857 2910 896 2972 ad
916 2915 1088 2991 praeturam

50 3015 185 3089 eomedit,
213 3013 266 3074 sed
290 3012 517 3092 repetundarum
539 3011 692 3076 damnatus
714 3017 767 3070 eat.
810 3009 904 3072 Filius
931 3015 1028 3074 autem
1049 3025 1086 3070 eo

50 3129 111 3178 auro
134 3119 309 3195 praeturam
330 3112 437 3190 gessit,
460 3129 519 3192 quo
540 3111 579 3174 ab
602 3109 708 3174 exsilio
729 3111 880 3176 restitutus
901 3107 1023 3183 Gieero,
1051 3109 1085 3172 P.

49 3213 165 3278 Lentulo
197 3212 233 3288 Q.
250 3211 377 3276 Metello
399 3228 475 3274 coss.
497 3211 604 3291 (697),
633 3219 663 3274 et
686 3212 842 3290 insigniter
861 3211 926 3272 eiua
945 3211 1087 3272 honorem

48 3312 156 3379 adiuuit.
208 3312 298 3376 Cuius
330 3311 465 3374 benenati
496 3330 587 3376 eausa
616 3313 722 3376 Gieero
753 3312 888 3392 plurilus
919 3311 1087 3376 orationum

46 3411 109 3476 louis
126 3413 301 3494 magnifices
323 3414 483 3494 aigradus
505 3414 566 3495 egit
578 3409 641 3493 (⁸³).
674 3411 736 3476 Neo
755 3421 912 3496 praeterea
928 3414 1085 3494 quiequam

47 3510 183 3580 derebus
204 3515 263 3578 uiri
283 3522 359 3588 tum,
380 3521 412 3575 ut
431 3513 561 3589 uidetur,
582 3514 699 3576 honesti
720 3531 808 3594 quarn
829 3513 994 3596 eloquentis
1013 3527 1085 3576 oon·

46 3621 108 3692 stat,
138 3617 199 3680 nisi
227 3615 307 3697 quod
332 3614 470 3678 Caesaris
496 3621 597 3698 partes
624 3619 757 3688 secutus,
789 3630 854 3676 eum
879 3612 997 3678 Galliae
1025 3613 1084 3674 ois-

45 3739 244 3758 Ἢ

105 3812 149 3884 79)
169 3829 198 3868 v.
216 3810 326 3884 Meyer.
343 3829 370 3884 p.
383 3811 442 3868 lll.
469 3811 545 3868 Suet.
564 3809 644 3864 Caes.
660 3808 686 3862 5.
709 3808 815 3866 Gellius
830 3809 905 3870 Xlll.
923 3810 949 3868 3.
974 3809 1083 3868 Nouius

47 3911 69 3948 v.
84 3900 254 3956 meconites.
342 3897 388 3966 80)
412 3898 489 3952 Suet
509 3897 588 3954 ones.
605 3893 647 3949 55.
673 3894 708 3952 el.
726 3895 768 3956 66,
855 3895 902 3962 81)
928 3897 1003 3950 Suet.
1020 3895 1039 3948 l.
1057 3911 1083 3946 c.

46 3978 95 4034 Sed
108 3989 217 4036 exstant
230 3982 364 4053 quaedam
378 3999 413 4036 ex
425 3981 553 4041 oratione
569 3981 611 4036 ad
621 3981 731 4038 milltes
749 3981 786 4034 de
798 3979 964 4036 comnwdu
976 3993 1082 4032 eornm

45 4066 111 4134 apud
126 4066 289 4124 Diomedem
307 4085 334 4138 p.
351 4067 394 4126 ol.
480 4066 526 4134 82)
543 4065 617 4122 Dial.
635 4067 672 4121 de
689 4074 771 4122 oratt.
784 4065 825 4120 m.
853 4065 931 4122 Suet.
944 4064 1023 4120 Gaea.
1037 4061 1082 4118 71.

46 4147 732 4302 Lt.1lroe.ddei;elleq:lt;cnummunlversisllleyerum
744 4149 900 4224 alffinus·
977 4145 1082 4214 ,salut
