2640 4780
337 457 535 530 BRUTUS
564 457 655 529 GAP.
677 459 730 532 59.
750 461 803 531 (ill.
994 460 1091 538 255

125 621 201 714 LX.
222 623 360 716 Reliqua
380 628 441 696 duo
460 635 547 710 sunt,
568 647 665 716 egere
686 640 717 698 st
734 629 924 700 meminisse.
956 631 990 698 lu
1006 641 1092 702 utro-
1135 639 1138 646 ’

53 765 107 832 que
133 745 305 814 cachinnos
325 747 525 815 ¹irridentium
552 745 775 817 commovebat
817 747 924 816 Motus
955 761 1022 818 eret
1051 753 1091 834 is,

54 883 136 950 quem
161 875 192 931 ct
220 863 255 930 (1.
283 861 381 932 lulius
407 867 441 932 iu
466 877 645 955 perpetuum
670 871 802 948 notavit,
831 887 899 935 cum
927 887 967 936 ex
992 888 1031 936 eo
1057 872 1092 938 in

52 993 205 1070 utramque
235 993 355 1070 pentem
382 993 448 1052 toto
476 1003 606 1073 corpore
627 985 797 1054 vacillante
819 987 989 1074 quaesivit,
1019 991 1090 1071 onis

53 1102 225 1184 loqueretur
252 1103 398 1181 clientem
428 1113 459 1169 st
488 1101 543 1170 (ln.
566 1100 706 1170 Sicinius
732 1103 826 1172 homo
854 1106 1005 1193 impurus,
1032 1104 1091 1172 scd

52 1219 209 1286 admodum
243 1220 408 1301 ridiculus,
441 1241 542 1308 neque
575 1221 662 1288 eliud
694 1224 728 1290 in
754 1243 793 1290 eo
823 1225 959 1291 oratoris
986 1223 1089 1292 simile

52 1342 231 1423 quicquam:
278 1339 353 1406 217.
391 1341 420 1406 is
450 1359 519 1406 oum
552 1339 694 1406 tribunus
725 1339 827 1430 plebis
861 1337 1027 1410 Curionem
1059 1349 1090 1409 et

51 1452 207 1524 Octauium
239 1457 386 1524 consules
417 1458 616 1546 produxisset
643 1457 799 1546 Curioque
830 1456 927 1526 multe
959 1459 1091 1526 dixisset

50 1573 169 1641 sedente
199 1571 255 1640 (ln.
282 1571 415 1643 Octauio
441 1576 582 1664 college,
614 1577 667 1664 qui
695 1577 855 1646 deuinctus
881 1587 950 1644 eret
976 1577 1089 1646 insciis

49 1701 75 1758 et
93 1693 198 1760 multis
220 1693 456 1761 medicamentis
477 1705 603 1783 propter
624 1695 764 1763 dolorem
787 1705 906 1763 ortuum
922 1693 1088 1775 delibutus,

47 1810 230 1896 Nnnpncm,
259 1813 374 1899 inquit,
407 1812 534 1888 Oetaei,
560 1813 692 1896 cedenac
715 1825 770 1882 tuo
794 1817 933 1898 predam
953 1816 1087 1896 reseres:

48 1933 95 2012 poi
116 1933 184 1998 misi
212 1947 245 1996 se
272 1947 331 1997 sco
361 1949 450 1996 more
475 1933 669 2006 emmonem,
696 1933 788 1998 hodie
816 1941 845 1999 te
869 1933 941 1998 istie
963 1949 1089 1998 semeae

46 2051 252 2115 comedissent.
284 2046 443 2115 Memoris
463 2055 565 2114 antem
585 2049 630 2114 ite
645 2048 702 2114 luit
716 2047 818 2126 nullo,
839 2058 872 2114 ut
888 2047 1087 2135 aliquotiens,

45 2167 99 2232 trie
125 2185 199 2234 eum
222 2166 453 2255 proposuisset,
482 2173 535 2232 sut
563 2175 705 2252 quornm
731 2167 860 2233 adderet
886 2174 939 2232 ent
964 2167 1088 2232 tertium
1117 2155 1130 2179 '

45 2293 220 2371 quaereret:
251 2287 304 2372 qui
331 2288 364 2351 in
388 2283 506 2351 iudicio
535 2285 657 2372 privato
677 2283 730 2352 uel
747 2299 907 2364 maxumo,
933 2301 1003 2350 cunt
1025 2301 1086 2366 ego
1207 2351 1211 2358 ,

44 2422 93 2490 pro
115 2401 239 2470 Titinia
260 2400 370 2470 (lottac
390 2405 636 2492 percussissent,
655 2403 711 2472 ille
733 2413 843 2472 contre
864 2423 914 2471 me
935 2421 992 2491 pro
1015 2399 1086 2470 Ser.

44 2513 160 2590 lleeuio
187 2519 320 2600 dicere,
354 2521 457 2589 subito
483 2531 580 2590 totum
607 2539 737 2590 cautem
767 2522 883 2591 oblitus
913 2531 963 2588 est
991 2521 1086 2608 idque

43 2641 199 2708 ueneficiis
232 2649 263 2706 et
295 2640 492 2708 cantionibus
519 2639 658 2708 Titiniae
694 2643 811 2710 famum
843 2661 917 2708 esse
950 2637 1085 2706 dicebat.

43 2757 109 2826 218.
142 2756 266 2844 Magne
296 2756 377 2825 haec
407 2761 598 2826 immemoris
628 2763 738 2845 ingeni
768 2761 881 2844 sigua:
913 2757 973 2824 sed
1007 2756 1088 2823 nilril

43 2973 225 3041 destruendo]
244 2976 276 3028 tn
294 2972 435 3026 stertendo
451 2972 495 3026 sd.
514 2989 557 3042 pr.
584 2972 757 3046 11351151.
783 2973 854 3030 Ven.
873 2973 898 3031 l.
933 2973 1039 3030 Contra
1054 2976 1088 3030 dee

43 3077 89 3120 orn.
107 3061 162 3130 lug.
183 3066 246 3112 cett.
265 3054 453 3126 praetereo,
474 3057 539 3110 item
557 3056 609 3112 Gn.
629 3059 653 3114 l,
669 3087 705 3098 -

102 3183 167 3242 LX.
202 3171 379 3253 lopneretetr]
394 3181 531 3254 loquetur
544 3183 586 3240 ed.
601 3199 643 3256 pr.
659 3181 710 3257 bg.
725 3177 937 3256 1111110151-
954 3183 1086 3254 eldntre]

41 3271 163 3336 eluntre,
188 3269 298 3334 eloti-e,
323 3268 473 3334 aeduntre,
499 3267 642 3336 elnotus,
671 3269 800 3325 elonedre
825 3269 877 3343 Lg.
898 3269 1085 3342 praeterient

40 3357 98 3412 item
116 3356 181 3412 Vnt.
207 3353 259 3410 Gn.
277 3355 300 3408 l.
318 3379 354 3394 -
377 3351 525 3424 8111111111]
544 3353 674 3412 alteterius
692 3357 743 3412 Gn.
759 3355 782 3412 1.
795 3384 831 3397 -·
857 3357 999 3425 orator-ts]
1018 3371 1085 3410 ora·

42 3445 98 3500 tort
112 3441 161 3513 Lg.
175 3447 288 3512 prester
299 3439 357 3507 511,
373 3441 401 3494 ln
416 3456 470 3511 qno
481 3450 522 3497 est
536 3450 655 3498 oratore
659 3463 672 3508 ,·
689 3442 740 3498 sed
752 3446 885 3498 oratorie
900 3441 970 3498 Veri.
983 3443 1007 3498 l.
1025 3437 1087 3498 oo.

102 3565 163 3626 nit.
199 3561 238 3636 ie]
256 3565 319 3622 edd.
337 3567 417 3622 eoem
435 3567 476 3622 ed.
494 3587 535 3642 pr.
558 3567 669 3642 Meyer.
688 3597 724 3608 —
748 3567 882 3636 artuum]
901 3584 954 3623 om.
973 3565 1025 3640 Lg.
1039 3563 1084 3624 35.

40 3651 105 3710 Ven.
114 3653 139 3708 2.
162 3657 275 3709 artium
288 3647 329 3708 70.
351 3655 472 3710 anensem
487 3653 530 3709 ed.
540 3673 581 3726 pr.
591 3685 626 3696 -
642 3651 790 3726 qratiam]
803 3655 921 3726 pretias
935 3650 1083 3725 lugon-

41 3737 226 3809 aliquotiens]
251 3735 367 3792 formam
387 3739 466 3793 unice
486 3735 693 3794 OEceronienem
717 3733 769 3810 Lg.
787 3756 896 3810 omues,
923 3735 994 3795 Ven.
1015 3739 1037 3796 1.
1056 3739 1082 3795 2.

40 3817 93 3877 0tt.
120 3824 172 3880 Gn.
192 3825 216 3880 1.
235 3851 270 3862 —
299 3819 456 3892 maxumo]
479 3825 519 3878 sie
541 3821 593 3896 Lg.
612 3823 637 3879 8.
660 3819 703 3879 39.
727 3823 769 3879 51.
793 3823 834 3879 53.
857 3823 900 3879 58.
922 3823 963 3880 68.
988 3823 1029 3881 70.
1047 3853 1083 3866 -

44 3904 164 3977 Titinia]
183 3911 287 3964 licinia
305 3903 355 3980 lug.
371 3907 413 3964 itt.
449 3913 572 3966 cecinna
590 3906 641 3966 Gu.
661 3909 684 3964 l.
700 3940 735 3950 -
755 3907 990 3982 peroravdccem]
1008 3927 1081 3982 pro·

40 3996 217 4048 curavissem
234 3991 288 4054 Gn.
308 3995 384 4049 1.—-
413 3991 478 4048 See.
498 3991 626 4064 Naevio]
645 3989 717 4050 See.
737 3991 851 4048 Naevio
868 3989 964 4048 Lemb.
985 4009 1020 4048 ex
1039 4009 1080 4050 or.

40 4092 64 4146 p.
74 4077 181 4138 Quinet.
192 4079 233 4144 l.;
244 4078 295 4134 sed
307 4077 439 4134 incertum
449 4096 513 4134 num
524 4077 595 4133 idem
607 4077 651 4134 sit.
678 4075 766 4136 codd.
777 4079 882 4141 neoto,
895 4085 924 4130 ut
936 4073 1036 4132 solent.
1045 4104 1080 4118 -

44 4157 177 4234 Titiniae]
196 4167 319 4221 liciniae
336 4161 388 4237 hg.
406 4163 449 4222 20.
486 4165 560 4220 tinte
577 4163 611 4220 70
625 4181 695 4222 corr.

102 4282 164 4340 uus.
198 4284 311 4356 emmo
328 4273 377 4340 'sto
397 4251 751 4356 ug.s.51.'vm.r.-
777 4277 1017 4352 consonemus]
1039 4281 1081 4338 ne
