2674 4776
269 455 331 524 ΑΙ)
356 453 443 524 ClG.
467 455 667 524 BRUTUM
691 455 780 524 (ΙΑΡ.
802 458 832 525 Β.
979 461 1078 534 339

33 643 86 690 neo
106 627 202 690 literis
219 629 374 709 quidquam
388 628 548 691 mandaret.
556 633 575 660 “
607 630 784 704 Bernhardy.
815 627 897 692 Bene
913 631 960 694 nir
973 631 1075 696 dootua

32 725 171 791 adversus
187 728 335 792 Klotzium
356 731 412 792 illa
429 728 581 812 disputans
598 731 629 792 in
646 730 735 792 Tuso.
751 729 802 792 ΠΙ.
821 731 877 806 20,
893 733 945 794 48.
978 732 1075 814 Ipsum

31 835 126 890 tamen
150 827 226 892 illud
251 847 310 893 uon
330 832 422 891 verbis
442 831 494 893 sed
515 830 690 892 sermonibui
710 829 853 893 diotnrum
873 831 966 894 fuisse
987 833 1073 897 cine-

30 945 129 993 ronem
150 937 231 1011 puto.

110 1051 167 1090 non
191 1031 433 1107 diadematum]
465 1022 622 1113 φυσικήν,
651 1047 738 1109 quam
764 1047 818 1092 nos
846 1033 1073 1112 metaphysioanr

28 1145 180 1205 notamus,
207 1130 357 1194 veterrimi
382 1130 430 1190 illi
458 1129 609 1210 explicare
635 1127 815 1192 studuerunt.
865 1131 910 1194 De
938 1133 1073 1197 Socratis

27 1229 78 1291 illa
97 1230 190 1293 lauda
204 1229 378 1309 Bernhardy
397 1231 590 1292 testimonium
603 1229 772 1292 Aristotelis
789 1231 928 1296 excitarit
938 1234 1071 1316 Metaph.

27 1331 46 1392 Ι.
67 1333 99 1394 6.
131 1349 161 1411 p.
185 1334 241 1394 2οε
268 1322 467 1413 Σωκράτους
487 1327 524 1394 δὲ
544 1325 625 1414 περὶ
644 1325 706 1408 μὲν
724 1324 767 1392 τὰ
788 1323 895 1414 ἠθικὰ
916 1351 1074 1416 πραγμα-

29 1426 219 1507 τευομένου,
247 1424 327 1514 περὶ
353 1425 390 1494 δὲ
416 1429 475 1514 τῆς
496 1424 577 1514 όλης
602 1424 736 1515 φύσεως
757 1422 874 1506 οὐθέν,
902 1427 938 1496 ἐν
957 1430 1074 1513 μέντοι

29 1524 156 1604 τούτοις
184 1522 221 1591 τό
250 1521 402 1592 καθόλου
431 1527 603 1611 ζητοῦντος
630 1525 686 1593 καὶ
713 1525 794 1615 περὶ
820 1523 969 1615 ὁρισμῶν
995 1529 1073 1598 ἐπι·

29 1621 206 1713 στήσαντος
233 1620 370 1712 πρώτου
399 1623 458 1712 τὴν
485 1621 642 1693 ordroena.
688 1630 742 1692 His
771 1630 848 1692 adde
875 1632 1073 1696 Ciceroniana

29 1729 114 1790 laad.
136 1729 160 1790 Ι.
181 1731 215 1803 4,
239 1728 288 1790 15.
322 1728 410 1790 Tuso.
429 1729 465 1792 V.
486 1732 522 1802 4,
546 1732 595 1791 lo.
639 1735 718 1788 Ηοοο
746 1739 870 1792 noratur
897 1733 1009 1806 ethica,
1039 1735 1071 1793 in

31 1847 83 1910 qua
113 1828 324 1911 pertractanda
360 1836 389 1890 et
418 1828 556 1890 libentius
589 1827 695 1891 Gioero
726 1836 911 1905 uersaretur,
951 1838 981 1892 et
1012 1849 1072 1910 qua

31 1930 230 2010 cognoscenda
251 1930 365 1992 oratori
386 1930 519 2010 inprimis
541 1936 619 1990 esset
640 1945 724 2008 opus.

107 2033 159 2094 32.
202 2031 351 2108 hortatos]
379 2029 523 2094 deduius
545 2027 670 2091 docendi
687 2026 776 2089 laude
803 2028 913 2090 similia
933 2029 995 2094 oin.
1017 2033 1069 2094 Or.

33 2133 80 2207 13,
99 2133 152 2196 no
187 2129 224 2193 de
246 2131 297 2194 0r.
318 2131 355 2193 ΙΙ.
377 2134 434 2207 22,
455 2131 506 2193 94.
550 2128 624 2192 Eum
646 2129 801 2192 exornavit
819 2127 979 2209 Dionysius
1001 2129 1071 2194 llal.

31 2231 83 2295 ind.
104 2232 141 2295 de
161 2232 254 2295 lsoor.
278 2235 306 2294 l.
352 2230 478 2305 officina
505 2237 601 2292 autam
627 2237 765 2310 tanquam
785 2230 938 2310 proprium
963 2238 1008 2293 est
1034 2231 1071 2294 do

31 2332 92 2395 ludo
113 2334 248 2397 oratorio
274 2332 436 2414 spatiisque
456 2331 700 2413 philosophorum
721 2347 745 2392 s.
765 2329 945 2393 umbraculis
965 2329 1069 2412 (Brut.

32 2435 61 2508 9,
81 2434 160 2514 ih),
190 2434 241 2515 qui
267 2432 450 2496 ambulantes
478 2431 638 2510 docebant,
668 2431 841 2512 opponitur,
869 2432 1070 2510 or.s,12.;

34 2534 64 2595 ri.
84 2537 132 2599 Or.
157 2538 213 2611 13,
234 2536 286 2598 40.

103 2635 382 2714 miseriordiam]
411 2651 449 2698 ex
470 2633 533 2696 eius
555 2622 649 2718 τέχνῃ
669 2628 831 2718 ῥητορικῇ
856 2633 922 2714 ipso
937 2632 996 2696 ille
1020 2634 1067 2698 lo·
1110 2703 1112 2706 ,

35 2751 90 2810 cus,
110 2753 197 2817 quem
216 2737 264 2798 hio
285 2735 381 2814 tangit
394 2734 669 2808 cineta-servatus
687 2739 732 2792 est
753 2732 913 2794 abluamus
924 2734 1070 2796 Sioeliota

34 2834 116 2899 dhett.
132 2837 183 2901 Gr.
205 2836 423 2918 t.v1.p.1oo:
446 2828 533 2906 ὅλως
554 2827 591 2895 δὲ
612 2822 631 2894 ό
652 2822 751 2910 λόγος
770 2825 816 2913 μὴ
839 2823 938 2910 λόγος
955 2825 1067 2894 ἔστω·

35 2929 121 3018 ξυρόν
141 2929 231 3021 γάρ·
257 2932 342 3018 μηδὲ
364 2928 551 3014 ἔμμετρος·
580 2924 770 3013 καταφανὲς
790 2919 881 3012 γάρ·
902 2921 987 2992 ἀλλὰ
1007 2951 1069 3008 με·

35 3031 131 3112 μίχθω
163 3033 265 3100 παντὶ
297 3033 437 3122 ῥυθμῷ,
475 3025 625 3114 ἰαμβικῷ
656 3023 804 3107 μάλιστα
834 3018 857 3110 ἢ
888 3026 1067 3113 τροχαὶλῷ.

35 3131 162 3202 lndieauit
182 3136 365 3216 Bernhardy.
407 3133 524 3198 Similia
552 3131 588 3193 de
609 3131 741 3194 Isocrate
768 3127 873 3192 (litero
903 3128 1003 3208 posuit
1031 3127 1068 3190 da

37 3233 77 3295 dr.
95 3237 144 3302 ΠΙ.
166 3240 222 3312 44,
245 3241 316 3300 173.
347 3236 399 3300 Or.
420 3234 475 3308 52,
499 3234 569 3296 174.
603 3235 660 3307 ol,
681 3232 771 3305 2023
797 3246 858 3292 uon
878 3226 1069 3290 dissimulans

37 3343 114 3398 artem
142 3339 227 3400 illam
253 3337 393 3400 isocratis
420 3335 494 3416 ipsis
521 3333 582 3394 suis
609 3332 736 3394 numeris
764 3330 804 3393 ad
830 3329 947 3392 dioaudi
973 3343 1067 3407 gemus

37 3439 193 3502 musitatins
205 3438 340 3500 adhiberi
355 3455 414 3498 non
425 3451 523 3517 posse.
550 3434 724 3497 Praeinerat
740 3439 836 3496 autem
846 3431 924 3494 riam
935 3427 1067 3507 Thrasy-

37 3539 154 3615 machus,
177 3539 230 3602 sed
251 3540 277 3602 is
295 3538 407 3601 insulse
424 3544 453 3599 et
472 3536 536 3598 sine
549 3533 673 3597 iudicio:
695 3535 733 3596 oi.
752 3531 789 3594 do
803 3532 854 3595 Or.
871 3529 922 3594 ΙΙΙ.
941 3531 997 3606 16,
1013 3526 1065 3592 59.

38 3633 78 3698 Or.
99 3642 153 3715 52,
178 3639 249 3702 175.

106 3740 302 3800 dumosorum
323 3735 469 3814 effusam]
498 3733 534 3797 de
555 3733 690 3796 uersibus
715 3741 820 3795 oontra
845 3732 943 3812 legem
969 3735 1068 3792 lamen

38 3834 181 3917 aliquando
203 3839 331 3902 orationi
356 3836 492 3899 immixtis
514 3835 627 3914 egimus
648 3833 679 3894 in
699 3831 800 3912 Expll.
822 3831 919 3899 adde
941 3831 994 3894 Or.
1014 3827 1065 3892 111.

38 3933 64 4008 5,
82 3941 128 4002 20.

107 4041 156 4101 33.
199 4039 295 4099 dedito
312 4057 399 4116 opero
414 4057 474 4098 eane
494 4032 662 4116 quamtum]
686 4031 781 4092 (ΙτόΙΙσ
802 4047 891 4107 opero
910 4026 1070 4088 damnabat

38 4133 233 4214 schneiderns,
253 4138 339 4220 {quod
365 4139 463 4200 inesse
489 4136 638 4202 rideretur
663 4134 696 4195 in
723 4133 858 4212 quamdo.
901 4126 1070 4205 „Nimirum

38 4233 92 4300 hnic
116 4241 264 4305 tribuebat
290 4240 438 4303 notionem
465 4237 607 4309 monadi,
636 4249 700 4299 tum
726 4232 847 4296 deberet
873 4224 1070 4310 signiheatnn

797 4345 863 4410 22*
