2676 4774
211 409 359 482 olivis
380 407 678 494 ELOQUENTIAE
698 408 802 482 ROM.
821 407 930 480 aisn.
1041 401 1097 484 ἸΙ

68 589 112 648 ant
138 601 233 648 omues
264 590 317 647 ant
335 582 478 666 plurimos
500 583 699 662 grammaticis
721 591 751 648 et
771 583 955 668 philosoplis
975 581 1097 651 Graecis

66 673 317 768 dedisse'operam.
350 683 411 749 Sed
431 683 550 766 impulsi
575 691 654 748 certe
672 685 818 748 lominmn
837 685 927 748 animi
947 689 1045 762 erant,
1066 691 1099 746 nt

65 787 227 866 inspicerent
257 784 328 867 qnid
355 801 429 864 gens
454 786 693 865 ingeniosissima
717 786 834 869 pulchri
861 793 890 850 et
915 785 1032 850 honesti
1058 783 1098 848 ad

65 885 216 948 discendum
246 885 462 966 excogitasset:
491 887 542 968 pni
569 894 602 950 ut
623 886 714 950 semel
739 895 848 952 motum
868 885 952 950 illum
973 899 1097 966 accepe-

64 995 134 1062 rant,
154 987 254 1070 plures
275 987 419 1070 paulatim
441 993 470 1049 et
491 987 592 1069 plnres
613 988 777 1052 imitatores
797 992 980 1070 repererunt.
1022 984 1102 1062 dinc,

63 1088 138 1148 etiam
171 1087 373 1152 serenissimus
405 1088 558 1169 peregrini
591 1089 682 1152 moris
716 1089 877 1154 insectator
906 1085 997 1162 Cato,
1034 1102 1098 1148 cnm

63 1188 135 1250 annis
168 1206 225 1252 non
256 1207 330 1253 sane
357 1188 455 1252 multis
486 1195 554 1252 ante
583 1189 717 1270 graniter
742 1189 940 1271 vituperasset
966 1186 1098 1252 Graecos

63 1305 118 1350 cum
147 1288 330 1352 auditoribus
363 1291 443 1366 suris,
474 1305 565 1354 senen
593 1289 657 1372 ipsa
687 1289 832 1356 Graecum
859 1305 1022 1352 sermonem
1049 1285 1095 1350 di·

63 1389 122 1452 dicit
138 1385 200 1470 (5³).
243 1389 429 1454 Nobilissimi
454 1390 541 1452 luins
564 1390 693 1473 exempli
716 1391 913 1456 aemnlatores
936 1390 970 1457 Ρ.
992 1387 1095 1470 Scipio

62 1497 85 1554 et
106 1485 136 1552 0.
157 1491 280 1556 Laelios
300 1491 427 1574 Sapiens
448 1490 583 1558 uidentur
604 1491 705 1556 luisse.

522 1656 548 1741 t.
573 1663 622 1724 ιι.

390 1771 560 1828 Incrementa
580 1773 762 1845 eloquentiae.

131 1896 224 1962 Panlo
246 1903 316 1979 post
336 1899 544 1980 grammaticos
566 1906 595 1962 et
614 1898 808 1980 philosophos
830 1897 919 1961 etiam
937 1894 1095 1978 eloquendi

61 1995 181 2062 doctores
209 2000 240 2060 in
267 1998 341 2060 nrlne
370 1998 462 2062 auditi
490 2010 565 2066 sunt.
608 2002 662 2066 llis
684 1995 812 2080 quodam
832 1997 918 2060 modo
939 1996 1094 2078 praeluse-

60 2107 116 2162 rent
139 2100 385 2181 philosophorum
409 2100 560 2166 Critolaus
583 2109 612 2166 ct
633 2097 817 2172 Carneades,
844 2115 968 2178 quorum
996 2103 1096 2159 sectae

59 2208 114 2263 erat
141 2219 176 2264 ne
204 2200 324 2264 dicendi
352 2200 469 2282 quidem
497 2202 660 2268 doctrinam
689 2220 708 2264 a
735 2197 900 2280 sapientiae
927 2197 1095 2282 praeceptis

59 2301 172 2366 alenam
202 2309 320 2385 putare.
370 2302 404 2368 0.
438 2304 600 2370 Gracchum
629 2303 786 2387 plurimum
821 2297 986 2382 proiecisse
1013 2296 1095 2360 credi

59 2419 105 2480 par
131 2411 174 2466 est
203 2423 243 2468 ex
269 2402 404 2466 doctmna
429 2399 596 2488 Dioplnanis
616 2402 793 2486 Mytilenaei
819 2407 848 2462 et
868 2397 1003 2464 Menelai
1023 2397 1094 2462 lla-

59 2504 175 2579 ratlani‚
203 2524 223 2566 a
253 2521 311 2586 qna
337 2503 476 2568 didicisse
496 2507 626 2570 Fannius
655 2503 759 2570 consul
785 2503 816 2564 in
842 2500 937 2564 nobili
958 2499 1094 2563 orafionc

59 2601 89 2664 de
111 2605 198 2668 sociis
230 2612 259 2668 et
285 2606 401 2670 nomine
421 2607 529 2670 Latino
555 2609 584 2670 ei
612 2615 752 2688 tanquam
774 2604 884 2666 crimen
905 2601 1015 2665 obiecit
1028 2593 1092 2680 (⁵¹).
1142 2596 1146 2610 '

58 2702 109 2766 Sed
135 2706 226 2786 longe
251 2713 331 2770 certe
357 2707 491 2788 plurilnns
516 2707 611 2772 modis
641 2705 812 2788 eloquentia
838 2709 927 2767 aucta
947 2711 992 2766 est
1012 2719 1094 2766 more

58 2805 173 2870 ciuitatis
203 2814 314 2870 mutato
348 2815 377 2870 et
404 2807 561 2872 discordiis
588 2807 724 2872 etsiliona
753 2813 782 2869 et
809 2804 988 2866 faotionilnns
1016 2803 1094 2885 opti-

56 2909 164 2970 matium
192 2917 221 2970 et
246 2908 435 2989 popularium
455 2910 532 2971 inter
552 2925 585 2971 se
607 2906 645 2970 de
665 2923 777 2968 summa
796 2921 831 2966 re
850 2904 972 2984 publica
991 2901 1094 2966 decer·
1195 2939 1200 2946 -

55 3010 183 3082 tertium,
214 3027 302 3088 qnam
322 3007 457 3070 doctrina
479 3026 557 3071 nora
578 3015 607 3069 et
628 3004 794 3068 aduenticia
806 2998 859 3082 (⁵⁸)
881 3009 932 3064 aut
953 3003 1094 3085 exemplis

57 3107 232 3173 Graecorum
258 3107 415 3169 imitandis.
464 3101 540 3170 Eam
569 3108 595 3170 si
621 3114 703 3170 recte
728 3105 833 3170 Cicero
860 3103 983 3166 dixisset
1009 3104 1093 3186 pacis

57 3210 181 3272 comitem
207 3217 237 3271 et
256 3208 331 3272 bene
353 3210 573 3272 concitatarum
591 3209 740 3274 ciuitatum
761 3206 923 3282 munnam,
952 3205 1094 3287 Spartani

57 3319 126 3384 certe
148 3328 296 3392 nunquam
317 3310 371 3372 otii
389 3309 540 3376 domestici
558 3317 708 3394 compotes
725 3309 833 3384 fuisse,
852 3307 978 3372 Romani
996 3314 1094 3370 autem

60 3427 88 3471 eo
109 3420 241 3494 tempore
263 3409 474 3493 deplorandam
494 3422 616 3496 propter
634 3413 734 3492 legum
751 3409 895 3474 delectum
915 3427 978 3472 rem
993 3407 1093 3490 pulli-

60 3527 112 3574 eam
133 3514 272 3600 habuisse
292 3512 475 3590 riderentur,
504 3532 562 3595 qno
590 3521 722 3594 tempore
745 3512 824 3574 omni
843 3511 981 3574 uirtutum
1002 3509 1093 3572 lande

58 3611 215 3678 tonuerunt.
258 3614 312 3677 Est
333 3615 409 3676 enim
430 3614 520 3696 plane
542 3620 660 3688 contra,
687 3629 723 3675 ac
746 3609 927 3693 persuadere
948 3611 1028 3692 cupit
1046 3611 1093 3676 nin

59 3711 328 3796 eloquentissimus
353 3715 387 3777 ln
413 3715 530 3780 civitate
557 3712 722 3795 tranquilla
750 3719 780 3774 ot
805 3712 881 3774 hene
901 3720 1033 3788 morata,
1060 3713 1092 3775 iu

61 3829 111 3892 poa
131 3817 215 3898 leges
245 3823 373 3896 regnant
401 3824 430 3879 et
456 3835 519 3880 mos
548 3815 683 3896 publicas
701 3814 819 3894 legibus
840 3814 1001 3896 potentior,
1032 3829 1091 3876 nnn

58 3971 255 3992 “nn-..n-

117 4065 161 4134 50)
179 4067 235 4125 cic.
250 4066 310 4122 Cat.
321 4064 363 4120 Μ.
378 4067 403 4134 l,
416 4067 442 4122 3.
460 4065 545 4120 Acod.
557 4063 590 4120 ll.
604 4067 631 4134 0,
642 4064 667 4119 5.
754 4063 800 4130 57)
818 4059 960 4116 Ciossrut.
974 4059 1018 4125 00,
1032 4057 1090 4113 100.

60 4144 95 4283 Ξῖ,
104 4150 162 4294 Ι11046
251 4151 297 4221 58)
315 4152 363 4208 Sic
375 4169 434 4209 eam
445 4159 528 4224 vocat
541 4145 640 4212 deor.
654 4147 701 4205 lll.
715 4147 758 4216 33,
776 4146 834 4204 1³5.
846 4145 880 4203 ci.
898 4143 978 4200 Brut.
993 4142 1032 4200 18.
1047 4160 1088 4213 pr.

80 4248 104 4286 rc
123 4275 129 4294 ,
164 4277 170 4292 .
