2640 4780
260 389 266 395 ’
355 431 746 502 causasarum.
993 436 1075 510 uro

45 605 117 690 galis
137 602 271 671 uomiuis
300 603 483 670 memoriam
510 601 652 672 tolleret:
679 602 762 690 quod
790 610 875 670 certo
903 601 985 670 elici
1012 623 1076 672 uou

44 723 195 810 potuisset,
223 721 285 786 uisi
318 730 404 788 esset
431 722 573 788 oratioue
602 728 798 809 persuasum.
845 719 898 788 54.
926 720 1075 791 Videmus

43 845 105 908 item
130 841 239 928 paucis
268 841 359 906 anuis
380 849 450 927 post
474 859 568 925 reges
591 849 735 918 exectos,
761 859 830 908 cum
850 839 958 928 plebes
978 861 1075 930 propo

43 961 128 1047 ripam
149 957 283 1024 Anienis
310 955 351 1024 ad
379 961 500 1024 tortium
524 957 692 1024 miliarium
720 957 917 1042 copsedisset
942 959 1074 1046 cumque

43 1087 178 1154 moutam,
207 1077 260 1162 qui
278 1073 380 1142 Sacer
401 1075 576 1163 appellatus
599 1086 664 1155 est,
686 1075 920 1164 occupavisset,
942 1075 988 1142 M.
1010 1075 1075 1144 Va·
1124 1114 1127 1122 ·

43 1196 139 1262 leriam
163 1189 350 1262 dictatorcm
378 1193 511 1260 diceudo
531 1194 696 1262 sedavisse
717 1193 895 1264 discordias
919 1197 1010 1282 eique
1032 1193 1073 1262 ob
1130 1205 1133 1212 '

42 1333 100 1380 eam
123 1331 189 1379 rem
217 1311 354 1379 bonores
381 1311 602 1400 amplissumos
633 1311 759 1382 babitus
788 1323 915 1381 etcum
943 1315 1074 1402 primum

42 1432 73 1498 ob
95 1451 161 1498 earu
190 1434 294 1518 ipsam
325 1449 453 1498 oausam
473 1429 655 1498 Maxumum
684 1451 757 1500 csse
785 1432 982 1520 appellatum.
1025 1429 1073 1500 Ne

40 1547 71 1614 L.
89 1547 244 1616 Valerium
265 1549 390 1636 quidem
406 1548 539 1618 Potitum
561 1551 698 1618 arbitror
713 1571 777 1618 uou
799 1550 918 1638 aliquid
933 1553 1073 1639 potuisse

41 1667 174 1748 diceudo,
196 1670 252 1755 qui
268 1678 340 1756 post
357 1667 597 1736 decemviralem
613 1669 763 1738 iuvidiam
779 1669 903 1757 plebem
920 1671 953 1736 iu
966 1679 1073 1758 patres

39 1787 181 1854 irritatam
200 1785 327 1872 legibus
345 1797 375 1853 ct
393 1786 590 1855 cautionibus
608 1790 674 1856 suis
692 1789 891 1874 mitigaverit.
924 1787 976 1852 55.
993 1786 1074 1854 Pus-

40 1925 130 1973 cumus
150 1907 287 1994 Appium
306 1903 469 1972 Claudium
485 1908 641 1994 suspicari
655 1907 822 1986 disertum,
840 1907 914 1992 quio
930 1914 1073 1972 serratum

40 2027 154 2094 iamiam
181 2024 366 2092 inclinatum
392 2023 544 2110 al'yrrbi
564 2043 643 2112 poce
662 2026 872 2090 revocaverit:
906 2043 1074 2110 possumus

42 2140 69 2208 0.
88 2139 280 2223 Fabricium,
310 2145 385 2231 quia
406 2144 447 2209 sit
475 2143 517 2210 ud
538 2141 690 2228 Pyrrhum
717 2139 756 2208 de
785 2141 916 2228 captivis
943 2159 1076 2228 recupa-

39 2261 133 2330 randis
161 2263 280 2331 missus
309 2269 431 2330 orator:
466 2259 517 2328 Ti.
547 2259 796 2338 Coruncanium,
821 2257 905 2346 quud
931 2279 971 2326 ex
996 2279 1075 2346 pou-

39 2379 140 2448 ilicum
171 2383 404 2449 commentariis
438 2383 533 2466 louge
565 2379 739 2468 plurumum
774 2379 903 2463 iugenio
932 2376 1073 2444 valuisse

40 2496 187 2566 videatur:
216 2495 276 2564 -M’
307 2495 454 2579 Curiam,
492 2498 575 2586 quod
606 2501 635 2566 is
665 2496 807 2565 tribuuus
840 2494 943 2583 plebis
977 2497 1075 2563 iuter·

95 2717 169 2775 xiv,
205 2715 248 2772 53.
283 2723 337 2772 aat
352 2713 548 2785 celeritatem]
573 2733 634 2770 curu
652 2723 705 2772 aad
726 2732 782 2770 uon
800 2711 916 2782 babeat,
940 2713 1015 2783 quod
1031 2731 1076 2769 re-

41 2803 177 2870 spoudeat,
200 2801 264 2858 Sclr.
286 2809 338 2855 aut
356 2801 555 2872 eloquentiam
572 2801 685 2854 inseruit
701 2810 764 2872 post
782 2803 899 2852 texerit.
935 2797 1074 2876 Est'c'wa-

16 2901 17 2910 ¹
39 2882 180 2944 ao'iovdor:
198 2905 226 2942 v.
240 2885 351 2940 Walcb.
367 2885 429 2939 Eur.
446 2880 509 2938 Liv.
526 2901 553 2953 p.
568 2883 626 2938 186.
650 2883 741 2937 Haud.
755 2881 831 2937 Turs.
850 2881 907 2936 vol.
925 2879 946 2936 1.
962 2899 989 2952 p.
1004 2882 1074 2948 546,

39 2975 110 3043 urps
135 2969 318 3044 probabiliter
342 2969 540 3037 explicantem,
566 2983 648 3036 quam
670 2965 807 3020 Matthiae
832 2965 896 3018 lacit
922 2966 950 3018 iu
974 2965 1075 3020 Wollii

40 3055 112 3114 duell.
132 3057 174 3110 lit.
193 3053 251 3108 vol.
263 3051 297 3106 ll.
308 3051 378 3106 0.-
396 3051 507 3122 capnt]
523 3051 564 3105 sic
579 3047 631 3122 [ις.
642 3050 669 3105 8.
681 3049 725 3105 51.
741 3048 812 3104 Veu.
823 3047 847 3104 1.
857 3079 893 3088 -
912 3049 1074 3122 savianda]

38 3140 68 3194 sic
80 3143 142 3198 uiue
160 3155 181 3193 a
196 3135 259 3190 libri
276 3143 304 3190 et
320 3135 364 3191 ed.
382 3153 425 3208 pr.

92 3228 136 3281 54.
175 3222 260 3291 item]
278 3224 373 3294 ipitar
391 3217 444 3294 bg.
461 3219 503 3278 58.
521 3249 556 3261 -
583 3236 710 3291 eamque
728 3213 872 3288 montem]
892 3233 1017 3288 campae
1033 3234 1073 3272 m.

39 3307 81 3367 du.
97 3311 121 3366 1.
142 3308 191 3364 ed.
207 3324 249 3378 pr.
284 3307 374 3362 Paulo
397 3315 462 3362 aute
485 3305 611 3363 Actionis
635 3314 681 3360 aut
702 3303 832 3362 Aacoutc
854 3301 906 3375 Lg.
926 3303 952 3359 8.
970 3302 1013 3360 30.
1032 3303 1075 3358 51.

38 3390 99 3450 Vsu.
113 3395 137 3449 1.
149 3424 185 3434 -
201 3392 382 3462 miliariam]
399 3395 439 3447 sic
453 3409 508 3446 uuo
521 3392 534 3446 l
547 3391 598 3463 Lg.
613 3407 721 3457 omues,
737 3387 808 3444 Veu.
824 3389 846 3444 1.
865 3385 927 3443 Vct.
953 3387 1075 3444 miliare

38 3474 194 3549 1470-
222 3478 401 3533 dictatorem
426 3476 563 3546 diceudo]
589 3493 642 3534 oru.
667 3476 719 3547 bg.
739 3473 782 3530 00.
818 3475 998 3528 dictatorem
1020 3489 1075 3528 our.

38 3559 81 3633 bg.
94 3563 135 3620 35.
153 3563 196 3618 58.
214 3563 257 3618 08.
276 3563 317 3620 70.
332 3563 375 3619 85.
400 3563 472 3618 Vau.
490 3563 515 3617 2.
529 3589 565 3603 --
593 3559 817 3634 amplicaamas]
834 3567 862 3612 et
882 3573 946 3611 mox
964 3555 1075 3612 maasi-
1095 3623 1100 3632 .

38 3661 112 3703 mam
133 3647 186 3720 Lg.
204 3647 230 3703 8.
248 3649 290 3704 51.
315 3647 386 3706 Vsu.
406 3651 429 3704 l.
453 3647 506 3702 boc
527 3648 610 3701 etiam
627 3643 679 3716 Lg.
697 3643 739 3700 68.
756 3671 792 3684 -
816 3643 988 3710 incitatam]
1009 3657 1075 3698 cau·

39 3735 153 3788 citatam
169 3730 221 3804 Lg.
239 3735 283 3790 53.
300 3733 344 3790 08.
363 3735 405 3790 tu.
441 3732 629 3788 incitandam
647 3729 697 3786 Ga.
718 3731 741 3786 1.
758 3757 793 3770 -
821 3726 1014 3798 contionibus]
1034 3730 1075 3784 sic

38 3829 81 3883 per
97 3825 109 3872 t
124 3817 176 3890 Lg.
194 3833 303 3886 omues,
319 3819 390 3874 Van.
411 3821 433 3874 l.
451 3819 477 3873 2.
513 3817 598 3872 cGu.
616 3816 641 3872 1.

98 3902 139 3958 55.
174 3903 513 3976 iamiam11ambg.20.
541 3906 666 3957 ianuam
681 3897 723 3952 58.
746 3895 816 3953 Veu.
831 3898 844 3951 1
859 3913 930 3952 corr.
944 3929 975 3938 -
1003 3899 1075 3967 pais

40 3987 83 4054 tii]
107 3992 156 4058 pai
171 3992 214 4044 stt
237 3987 288 4061 Lg.
305 3989 348 4044 20.
366 3989 410 4044 ed.
428 4003 469 4060 pr.
487 4015 522 4027 -
555 3985 612 4055 R]
635 3983 665 4040 T.
685 3983 730 4038 vcl
747 3981 849 4037 Titum
866 3981 946 4034 codd.
966 3989 994 4034 ca
1009 3980 1073 4035 edd.

40 4079 97 4128 vett
113 4075 276 4144 pleraeque,
293 4075 345 4129 sed
361 4091 418 4130 uou
430 4073 481 4146 Lg.
492 4072 519 4127 8.
531 4071 575 4127 00.
588 4071 629 4126 51.
662 4067 735 4124 Max
750 4065 958 4122 emmaum
975 4063 1018 4118 ed.
1031 4079 1073 4133 pr.

40 4151 83 4226 bg.
98 4158 140 4216 00.
157 4159 192 4214 30
207 4175 277 4216 corr.
302 4166 330 4214 et
345 4158 393 4212 alii
408 4158 527 4230 quidum.
544 4184 580 4197 -·
604 4153 665 4224 M’]
686 4151 731 4208 Μ.
749 4147 813 4206 Ma.
831 4147 976 4204 Marcam
992 4147 1074 4204 codd.

41 4247 65 4293 tt
85 4243 145 4304 cdd.
168 4261 264 4302 omues
290 4243 326 4299 ad
344 4241 507 4302 bambiuum
531 4257 625 4314 usqua.
644 4269 679 4284 -
710 4254 770 4296 aaa
792 4235 876 4306 duaa]
901 4233 941 4290 sic
966 4232 1073 4290 divisior
