2660 4776
200 402 350 474 ntmvls
371 401 668 488 ELOQUENTIAE
690 402 793 474 ROM.
813 403 923 476 illst.
1028 409 1084 485 {0

49 575 317 644 aramundarus
337 577 489 658 posuisse,
510 585 543 640 nt
559 595 670 643 summa
691 578 797 640 artium
817 579 926 660 peritia
946 575 1085 660 eluceret,

48 690 136 744 tamen
158 679 223 744 alia
239 685 317 750 sunt,
341 695 418 759 quae
437 677 609 742 illiteratum
627 679 767 744 Crassum
787 679 882 744 rideri
902 699 961 744 non
979 684 1084 761 sinant,

48 781 94 844 scd
104 782 303 846 Romanorum
319 779 483 860 principum
505 788 572 842 autc
589 777 761 877 (licaponem
778 781 843 844 lere
859 781 1085 850 eruditissimum

48 883 133 946 luisse
161 879 370 964 persuadeant.
420 877 493 944 (lum
523 881 635 944 mohin
667 881 743 944 enim
776 891 867 964 pocta
897 883 1085 948 familiariter

48 977 195 1062 uixit(⁵²);
222 1001 244 1046 a
267 983 305 1044 L.
328 980 432 1045 Caelio
457 982 615 1062 Antipatro
641 981 745 1044 literas
774 1001 838 1046 cum
866 985 996 1050 Graecas
1025 992 1085 1048 tuns

49 1086 205 1150 aumas·
220 1081 320 1146 didicit
341 1077 410 1162 (⁸³);
442 1083 564 1146 Athenis
592 1081 748 1164 plurimum
778 1093 914 1148 versatus
944 1093 989 1148 est
1020 1104 1085 1151 cum

49 1186 208 1250 ademtam
226 1183 497 1266 philosophicarum
511 1183 708 1266 principibus,
730 1185 782 1265 qni
796 1192 863 1248 tnnc
882 1195 974 1262 eraut,
991 1190 1085 1252 omni·

48 1288 108 1362 lus,
126 1285 312 1352 Academicis
328 1284 497 1356 Charmada
513 1293 542 1348 ct
560 1285 757 1360 Clitomacho,
779 1285 958 1352 Mnesarcho
973 1289 1085 1366 Stoico,

47 1387 172 1452 Diodoro
197 1387 414 1468 Peripatetico;
447 1387 519 1468 quin
545 1385 633 1448 etiam
659 1384 733 1449 duce
760 1385 927 1453 Charmada
956 1389 1084 1471 legendo

48 1489 171 1554 Platoms
194 1489 308 1567 Gorgia
327 1489 386 1552 riri
407 1489 484 1562 iuter
504 1487 698 1568 philosophos
720 1487 810 1551 divini
831 1497 924 1555 artem
946 1498 974 1554 et
994 1509 1085 1574 praa·

48 1591 176 1670 startiam
198 1589 337 1669 conenit
349 1582 412 1667 (⁵⁴).
445 1588 506 1654 Sed
521 1589 719 1654 Romanorum
740 1607 822 1652 more
842 1589 979 1654 faciendo
996 1611 1084 1673 qnam

49 1691 161 1756 dicendo
197 1691 384 1754 intentiorem
415 1708 512 1773 pauca
539 1691 657 1772 scripsit
689 1699 717 1754 et
742 1689 904 1756 forensium
930 1710 1086 1758 cansarum

49 1794 241 1874 amatoriique
269 1792 395 1854 muneris
424 1792 502 1855 mole
528 1809 623 1874 paene
651 1792 787 1868 obrutus,
820 1793 995 1874 praesertim
1021 1812 1086 1858 cum

48 1893 80 1958 ad
94 1893 252 1959 senectutis
274 1901 442 1974 exoptatum
463 1895 554 1958 otium
575 1911 633 1956 non
648 1895 844 1976 peruenisset,
865 1913 902 1958 nc
920 1897 1086 1960 orationum

47 1996 157 2078 quimus
186 2013 305 2058 suarum
331 1993 389 2060 nisi
415 2002 517 2075 partes
537 1994 681 2076 quasdam
709 2001 738 2056 et
765 1997 973 2058 commentaria
1000 1999 1087 2078 qnasi

46 2099 182 2160 uberiora
207 2095 329 2177 reliquit
344 2090 409 2174 (⁵⁵).
453 2095 565 2158 Tamen
592 2101 621 2156 et
647 2101 785 2157 accurate
815 2094 851 2156 de
874 2095 999 2158 artillcic
1022 2097 1086 2160 elo-

47 2198 150 2279 quendi
176 2197 318 2277 cogitarit
343 2203 373 2258 et
389 2196 517 2283 ,Graccis
536 2195 684 2259 vertendis
706 2202 735 2256 et
761 2194 908 2258 imitandis
930 2213 996 2258 sese
1017 2195 1087 2260 dili·

46 2308 145 2378 genter
166 2298 297 2363 exercuit
312 2293 368 2378 (⁵⁶)
397 2304 426 2358 et
452 2297 526 2360 iuris
547 2297 684 2378 peritiam
710 2296 825 2358 minime
846 2295 1000 2376 vulgarem
1029 2299 1087 2362 sini

46 2401 232 2482 compararit.
274 2398 336 2462 Nec
361 2397 436 2460 illud
455 2398 560 2462 Cicero
588 2397 691 2465 similis
714 2396 785 2460 olim
813 2398 912 2480 operis
934 2399 1088 2463 consilinm

46 2503 159 2581 agitans
179 2508 272 2564 totum
291 2499 404 2579 fingere
424 2499 519 2583 potuit
535 2497 674 2562 Crassum
694 2498 725 2560 id
749 2499 807 2562 sihi
826 2500 1035 2580 proposuisse,
1055 2507 1088 2562 ut

45 2603 142 2666 rudens
171 2602 266 2665 adhuc
295 2608 324 2664 et
351 2600 529 2680 indigestam
555 2601 630 2662 iuris
656 2599 751 2664 ciuilis
779 2599 885 2663 molem
914 2599 1088 2668 dialecticae

46 2721 97 2785 cpe
118 2705 159 2768 in¹
172 2711 264 2766 artem
285 2701 416 2766 discendi
437 2700 550 2782 cupidis
567 2701 687 2766 facilem
704 2699 856 2780 redigeret
871 2695 935 2782 (⁵⁷).

123 2806 164 2868 Ut
185 2812 265 2868 recte
294 2803 386 2882 igitur
406 2801 566 2864 iudicemus
588 2810 728 2882 quantum
750 2801 875 2864 Crassus
901 2804 933 2864 iu
954 2802 1089 2866 doctrina

45 2905 217 2984 profecerit,
253 2905 356 2966 ducem
384 2902 555 2966 Ciceronem
587 2919 750 2980 sequemur.
792 2901 822 2962 Is
856 2919 921 2964 cunr
950 2901 1089 2965 laudibus

44 3006 203 3070 immodicis
228 3013 258 3067 et
282 3019 378 3084 paene
406 3001 527 3075 diuinis,
555 3001 661 3080 qnilrm
689 3000 781 3074 solet,
810 3019 877 3064 aum
904 3002 1089 3079 cumulasset,

45 3115 75 3168 ut
100 3108 259 3174 ceritatem
290 3102 409 3165 facilius
439 3117 617 3181 assequere,
648 3101 723 3164 iaec
752 3103 972 3183 temperamenti
998 3120 1090 3166 cansa

47 3207 145 3272 Crassi
164 3207 259 3288 ipsine
273 3220 404 3286 persona
418 3221 488 3264 naus
504 3203 679 3284 interposuit
690 3199 756 3282 (⁵⁸):
778 3221 862 3283 „ego
881 3203 956 3266 enim
972 3203 999 3264 is
1015 3223 1088 3280 sum,

46 3309 106 3387 qui,
136 3326 214 3395 cum!
228 3323 339 3368 sonmo
368 3303 471 3372 studio,
485 3305 579 3386 patris
606 3305 638 3366 in
662 3306 791 3388 pueritia
818 3305 922 3368 doctos
944 3322 1038 3368 casem
1061 3313 1091 3368 et

46 3409 76 3468 in
93 3409 191 3472 lorum
211 3407 326 3486 ingenii
346 3413 471 3481 tantum,
493 3412 631 3486 quamnm
650 3407 716 3489 ipsc
737 3407 848 3483 sentio,
870 3425 929 3470 non
950 3413 1090 3488 qnantum

47 3508 170 3572 lcrsitan
187 3509 270 3573 vohis
287 3505 406 3581 videar,
424 3506 608 3584 detulissem,
626 3526 685 3570 non
699 3510 811 3590 possim
828 3508 926 3571 dicere
943 3527 990 3570 mc
1006 3510 1090 3584 haec,

50 3627 121 3688 qnae
147 3628 224 3673 nnuc
246 3609 439 3690 complector,
469 3607 592 3690 perinde
619 3616 651 3670 ut
673 3609 767 3671 dicam
794 3609 934 3671 discenda
955 3626 1020 3672 csse
1045 3609 1090 3675 tli-

51 3709 168 3776 dicissc:
197 3712 305 3794 qnippe
332 3709 385 3790 qni
408 3710 533 3772 omnium
561 3710 730 3772 maturrime
756 3709 797 3776 ad¹
819 3710 955 3792 publicas
983 3729 1090 3776 causas

113 3893 160 3962 52)
186 3892 242 3948 cic.
260 3891 344 3948 Arch.
360 3890 397 3958 3,
412 3889 438 3946 6.
527 3889 573 3958 53)
596 3891 652 3946 (lie.
668 3887 748 3946 Brut.
762 3889 812 3958 aa,
830 3891 888 3946 10⁴2.
919 3891 955 3945 de
973 3887 1023 3946 Or.
1041 3890 1089 3946 111.

53 3974 94 4042 lt,
116 3979 159 4035 54.
247 3976 293 4046 54)
318 3977 374 4034 Cla.
399 3976 434 4032 de
452 3971 537 4031 (11.1.
558 3976 602 4042 11,
624 3977 666 4030 47.
700 3974 733 4030 11.
752 3976 802 4042 90,
820 3975 879 4030 365.
909 3973 956 4028 111.
980 3974 1030 4040 20,
1048 3974 1090 4028 75.

50 4059 91 4126 55)
117 4063 174 4118 Cia
192 4061 337 4130 Brucla,
356 4059 415 4118 loc.
435 4061 494 4119 163.
514 4059 571 4116 164.
656 4062 703 4130 56)
728 4061 784 4118 (lie.
798 4059 837 4114 'de
857 4056 906 4114 01.
924 4056 944 4112 1.
963 4056 1011 4124 34,
1031 4057 1089 4113 154.

51 4141 92 4212 57)
112 4147 168 4205 Cic.
188 4148 223 4206 de
238 4145 289 4206 Or.
304 4145 339 4206 11.
351 4145 400 4215 33,
420 4148 478 4214 141.
504 4146 540 4206 cl.
558 4145 636 4204 Brut
650 4147 700 4215 39,
719 4145 776 4200 145.
863 4141 908 4210 58)
928 4141 963 4197 de
974 4139 1025 4200 (ln.
1042 4141 1091 4198 111.
