2676 4774
256 483 314 553 ns
417 451 565 546 naevis
587 469 886 554 nnoounnrmn
908 467 1011 537 nour.
1031 467 1140 536 utsr.

256 673 312 738 pro
346 669 447 714 sensus
485 651 531 712 sui
557 647 686 712 candore
703 651 874 727 posueruut
904 659 982 724 quae
1011 641 1151 704 stultiores
1181 645 1299 721 nepotes

256 755 454 838 repudiarent.
490 749 578 816 volut
598 765 675 830 quae
696 747 800 810 Cicero
812 742 866 826 (⁷¹)
889 753 917 806 ct
934 762 972 806 ex
991 761 1026 806 eo
1038 741 1238 820 Quintilianus
1250 737 1299 820 (⁷²)

255 875 360 940 parum
376 853 481 916 munde
501 852 580 914 dicta
595 849 741 924 celarunt,
758 858 865 908 stercus
881 851 977 906 cucioc
990 846 1140 904 Glauciam
1152 851 1181 904 et
1192 852 1300 902 costra

255 967 316 1018 lucu
334 957 467 1030 Africani
491 961 580 1013 mocio
599 971 658 1010 rent
677 951 835 1028 publicam,
856 948 955 1010 neseio
972 963 1058 1028 quarn
1079 953 1231 1007 aratorem
1252 944 1300 1004 illa

257 1065 354 1120 aetate
376 1055 486 1117 dixisse
502 1052 667 1136 probabilis
690 1051 860 1112 coniectura
875 1049 1007 1112 ridetur:
1028 1045 1103 1108 illud
1119 1046 1155 1123 Q.
1172 1045 1301 1107 Numidi-

256 1177 320 1222 cum
342 1165 393 1218 ant
407 1157 450 1218 M.
463 1158 622 1228 Scaurum,
642 1154 699 1214 noc
716 1149 749 1215 P.
764 1149 940 1215 Scaeuolam
957 1149 1128 1212 Pontificem
1142 1147 1301 1210 Maximum

257 1267 309 1322 ant
337 1258 372 1334 Q.
400 1255 629 1320 Macedonicum
658 1251 789 1316 decebat.
837 1252 944 1316 Simile
970 1249 1046 1312 illud
1075 1257 1135 1324 ost,
1164 1248 1244 1329 quod
1268 1248 1301 1308 L.

255 1361 326 1424 Pisa
354 1358 448 1437 Frugi
478 1359 509 1419 in
536 1355 701 1420 Annalibus
727 1353 856 1428 dixerat,
890 1353 1077 1413 adolescentes
1106 1355 1212 1409 aciatis
1238 1367 1302 1407 aroc

256 1465 321 1540 pact
352 1459 460 1518 deditos
487 1476 546 1516 cccc
566 1451 636 1538 (¹²),
671 1455 749 1536 quod
775 1463 948 1519 uetustatem
977 1451 1118 1514 affectans
1146 1449 1302 1513 Sallustius

258 1561 405 1642 expressit
415 1554 479 1638 (⁷⁸).
523 1557 584 1622 Sed
606 1559 763 1636 ingenuam
780 1557 897 1620 rimatis
920 1563 948 1617 et
968 1553 1087 1616 laudum
1105 1551 1244 1614 fiduciam
1261 1548 1303 1610 illi

256 1663 314 1727 riri
349 1659 474 1740 singulis
507 1677 602 1740 paene
634 1659 732 1724 uerbis
764 1677 838 1742 prae
867 1675 899 1718 so
930 1657 1076 1718 ferebant.
1126 1654 1165 1717 Ut
1192 1661 1304 1714 taceam

258 1763 385 1827 Gracchi
411 1761 619 1825 vehementiam
647 1768 676 1822 et
698 1761 818 1835 Grassi,
847 1760 898 1842 qui
924 1759 1010 1820 huius
1039 1758 1145 1819 aetatis
1172 1774 1229 1818 nou
1253 1762 1303 1828 est

257 1864 469 1937 maturitatem,
501 1879 589 1941 pam
616 1860 793 1922 calamistris
815 1861 1001 1923 Maecenatis
1029 1867 1057 1920 et
1080 1858 1223 1922 Gallionis
1245 1859 1304 1918 tin·

257 1966 330 2028 nitui
356 1961 582 2046 praeferendam
606 1962 672 2023 iure
701 1961 772 2023 dicit
799 1962 934 2044 Scriptor
965 1959 1081 2038 dialogi
1109 1958 1143 2022 de
1175 1961 1302 2022 oratori-

255 2067 311 2128 lons
331 2061 399 2147 (⁷⁴),
432 2065 491 2125 iam
520 2062 643 2125 Gatonis
671 2061 818 2144 reliquiae
845 2063 936 2145 paulo
967 2063 1126 2143 ampliores
1158 2079 1177 2122 a
1209 2062 1303 2126 Gellio

257 2176 394 2231 seruatae
419 2173 484 2227 ame
513 2162 630 2243 quidem
653 2161 863 2241 destituuntur,
893 2163 945 2226 sed
966 2163 1056 2244 plena
1077 2171 1144 2224 sunt
1169 2163 1303 2242 generosi
1329 2175 1330 2222 ξ

257 2269 388 2350 spiritus.
432 2266 533 2342 Quare
553 2284 608 2328 neo
629 2265 742 2329 Gellius
763 2265 933 2328 immodicus
954 2266 1105 2346 ceteroqui
1124 2264 1303 2346 antiquitatis

259 2377 374 2430 amator
405 2384 459 2428 neo
487 2366 592 2429 Cicero
619 2366 844 2448 vituperandus,
876 2386 940 2430 oum
968 2367 1109 2430 Catonem
1133 2373 1303 2446 ueteresque

258 2469 336 2532 alios
364 2467 502 2529 laudibus
523 2466 622 2528 ferunt
640 2462 712 2548 (⁷5),
737 2487 757 2530 a
779 2469 884 2550 quibus
906 2467 1118 2548 elegantissimi
1138 2468 1187 2531 nir
1207 2466 1303 2529 iudicii
1327 2507 1328 2532 ,

259 2569 455 2649 Quintilianus
469 2563 521 2648 (⁷⁶)
543 2568 713 2632 Ciceronem
742 2578 857 2632 secutus
879 2567 971 2633 multa
992 2569 1161 2632 oratoribus
1181 2565 1304 2650 peteuda
1326 2555 1328 2640 J

260 2671 415 2733 existimat.
459 2672 606 2733 Summam
636 2679 732 2732 autem
760 2674 969 2754 sententiarum
996 2680 1024 2734 et
1051 2670 1222 2750 argumenti
1246 2641 1327 2729 tra-l

260 2769 358 2834 otandi
388 2769 466 2852 apud
492 2771 563 2834 illos
590 2771 806 2854 simplicitatem
835 2773 927 2835 luisse
956 2773 1043 2834 etiam
1070 2769 1146 2834 illud
1172 2769 1326 2844 ostendit,l

260 2871 339 2955 quod
366 2881 433 2935 onte
456 2873 643 2935 Hortensium
666 2891 720 2935 nec
747 2873 920 2955 partitiones
950 2875 1105 2955 quisquam
1126 2890 1227 2954 neque
1248 2869 1325 2933 col-l

257 2973 400 3037 lectiones
425 2971 613 3054 uorerotff)
631 2993 685 3038 nec
709 2973 791 3037 aliud
813 2975 964 3039 exordium
987 2983 1123 3038 oratores
1145 2975 1302 3046 sumebant,
1323 2981 1324 3026 l

259 3093 346 3158 quam
369 3075 408 3137 alr
431 3075 551 3139 deorum
574 3072 835 3156 inuocatione(⁷⁸).

733 3242 761 3326 a.
785 3249 834 3310 m.

714 3359 756 3414 M.
774 3360 853 3415 Cato.

345 3481 466 3544 Omissis
493 3481 586 3561 igitur
613 3483 671 3557 eis,
698 3484 748 3564 qui
775 3494 896 3565 praeter
923 3499 1027 3545 nomeu
1048 3481 1162 3543 nullam
1182 3481 1231 3544 sui
1251 3495 1301 3540 nea

258 3581 382 3643 moriam
404 3583 603 3665 reliquerunt,
632 3583 670 3646 ad
696 3583 741 3647 Μ.
764 3581 905 3648 Catonem
931 3585 1096 3667 pergimus,
1124 3584 1178 3664 qni
1201 3584 1301 3647 ncnc

258 3701 468 3719 m——n-

330 3775 374 3846 71)
393 3777 449 3832 (lle.
467 3777 503 3834 de
517 3777 566 3835 Or.
585 3779 632 3838 lll.
652 3781 701 3849 tr,
721 3781 778 3837 lat.
868 3781 912 3851 77)
930 3781 1005 3837 Vlll.
1022 3781 1054 3850 a,
1073 3779 1114 3836 15.
1152 3779 1235 3835 Haec
1250 3791 1300 3849 par⁴

259 3862 306 3916 tim
326 3863 471 3932 mendose,
494 3869 593 3936 partita
610 3883 646 3921 ex
663 3869 905 3938 interpretamento
923 3869 963 3923 sic
979 3867 1065 3925 refert
1082 3865 1244 3922 Martianus
1261 3863 1300 3916 cc·

256 3947 333 4022 pella
349 3947 442 4004 nnete.
461 3968 487 4021 p.
506 3949 565 4008 475.
586 3951 688 4023 Cappa
714 3960 883 4010 castratam
901 3953 1056 4025 Africum,
1074 3958 1234 4006 mortuam
1249 3959 1306 4002 rem

254 4033 450 4106 publicasset
466 4035 601 4091 Clodium
614 4044 727 4092 stercus
741 4047 867 4095 senatus.
956 4041 1001 4109 72)
1016 4039 1070 4094 Cio.
1080 4037 1197 4093 Divers.
1210 4036 1256 4090 lX.
1266 4030 1306 4084 lic

257 4115 302 4186 73)
317 4119 447 4176 cucilla
531 4121 659 4191 maid.
746 4125 791 4192 75)
804 4123 883 4182 Brut.
895 4125 935 4192 17,
943 4125 986 4181 65.
1002 4124 1045 4192 33,
1055 4123 1112 4178 tna.
1201 4119 1282 4189 76)Q

257 4202 313 4258 Xll.
326 4205 366 4271 10,
375 4206 417 4260 45.
494 4205 808 4275 interamnanam.
885 4211 931 4280 78)
941 4211 1054 4267 Servius
1062 4209 1187 4280 adVirg.
1196 4199 1292 4263 XLMl

257 4287 292 4345 ci.
303 4289 360 4346 cic.
371 4289 464 4347 Dluin.
477 4291 556 4350 Vere.
570 4292 609 4348 la.
622 4295 665 4356 aa.
685 4294 718 4350 ct.
731 4295 863 4356 Niebuhr.
874 4295 943 4356 nist.
953 4297 987 4355 R.
1001 4296 1058 4353 vol.
1067 4295 1105 4352 lll
1125 4311 1154 4368 p.
1164 4294 1231 4350 571.
