2676 4774
252 423 321 494 42
414 417 564 489 aeuus
585 417 883 502 ELOQUENTIAE
905 415 1009 488 bom.
1030 419 1141 490 mss.

252 593 398 678 praebuit.
432 591 632 672 Privilegium
652 593 683 654 in
704 592 737 655 P.
759 591 906 674 Popilium
925 593 1101 670 Laenatem,
1128 595 1182 676 qni
1201 597 1295 658 round

254 696 286 757 in
307 696 354 758 Ti.
375 694 477 756 fratris
496 701 599 776 partes
620 694 782 769 saevierat,
803 695 990 773 rogationem
1011 696 1078 758 tulit
1098 696 1294 778 Semproniam

253 797 292 858 de
307 790 419 877 ri(⁵³),
434 813 523 876 quarn
538 813 603 858 cum
615 795 745 877 perferri
760 793 813 856 ille
828 794 955 871 rideret,
969 796 1044 860 urbe
1061 798 1158 860 cessit.
1190 796 1294 860 Deinde

252 897 464 980 stipendiorum
490 897 660 960 militarium
685 913 835 958 numerum
855 896 972 970 minuit,
1001 914 1147 960 annonam
1167 897 1294 961 viliorem

253 1000 334 1082 plebi
362 999 434 1062 decit
458 1005 573 1079 sumptu
595 998 707 1060 aerarii
728 1004 829 1072 aucto,
854 997 967 1060 indices
989 999 1211 1079 quaestionibus
1230 1017 1292 1080 per·

252 1102 349 1187 petuis
371 1099 533 1162 assidentes
554 1105 587 1160 ut
609 1115 646 1159 ex
667 1099 813 1178 equitibus
835 1106 1007 1192 crearentur
1029 1099 1138 1174 effecit,
1168 1099 1294 1162 colonias

253 1211 341 1266 extra
364 1201 483 1264 ltaliam
506 1197 545 1260 ad
566 1197 776 1263 sublevandam
796 1199 913 1281 plebem
933 1201 1051 1282 inopem
1073 1200 1178 1263 deduci
1198 1200 1293 1274 uoluit,

252 1303 379 1384 denique
406 1301 494 1364 sociis
522 1301 667 1364 ciuitatem
689 1307 734 1362 est
755 1299 915 1384 pollicitus.
958 1301 1040 1365 Haec
1060 1303 1210 1366 biennium
1231 1318 1293 1362 con·

252 1405 359 1469 uiuaci
384 1402 574 1481 magistratus
603 1400 733 1481 implerit.
777 1401 838 1465 Sed
859 1419 923 1466 cum
944 1404 1091 1485 patienter
1110 1403 1240 1478 tulisset,
1266 1407 1294 1464 ut

251 1506 328 1571 socii
349 1505 496 1568 civitatem
517 1509 720 1584 exspectantes
741 1503 818 1566 urbe
836 1503 1032 1585 pellerentur,
1052 1505 1107 1568 bos
1129 1522 1149 1566 a
1171 1521 1203 1566 se
1225 1503 1293 1567 alie·

251 1607 334 1671 uerit
355 1605 451 1686 decipi
473 1619 539 1666 sese
559 1603 759 1666 existimantes
779 1611 809 1666 et
829 1606 908 1668 omni
928 1605 1029 1684 gratia
1049 1605 1147 1687 plebis
1169 1604 1293 1666 deiectus

251 1714 316 1782 est,
348 1723 413 1769 cum
443 1721 498 1786 per
528 1701 656 1765 Drusum
687 1703 835 1784 collegam
867 1713 989 1770 auctore
1020 1714 1125 1770 senatu
1155 1708 1294 1768 maiorum

250 1808 340 1871 etiam
362 1803 578 1869 commodorum
604 1821 672 1886 spes
699 1806 911 1870 ostenderetur.
954 1808 1007 1872 Sic
1032 1809 1121 1872 tertio
1148 1807 1294 1870 tribunatu

249 1906 377 1991 petendo
404 1905 532 1968 deiectus
560 1905 599 1967 ab
625 1905 825 1970 inimicissimo
854 1909 975 1972 consule
1000 1909 1036 1976 L.
1065 1909 1181 1992 Opinio
1209 1907 1293 1970 arnis

249 2010 371 2092 sumptis
390 2025 455 2070 cnm
465 2007 594 2088 quinque
610 2006 741 2070 millibus
756 2017 933 2073 sectatorum
948 2011 1119 2074 interfectus
1131 2018 1175 2074 est
1185 2029 1213 2074 a.
1225 2011 1292 2072 633.
1323 2029 1324 2098 p

207 2173 209 2176 .
335 2109 508 2174 orationum
525 2110 588 2170 eius
604 2109 796 2190 plurimarum
813 2118 841 2173 et
857 2119 1032 2191 argumenta
1048 2119 1077 2176 et
1093 2119 1194 2195 partes
1206 2129 1292 2192 quae-
1323 2109 1324 2130 ¹

249 2213 317 2276 dam
337 2212 453 2273 minime
475 2209 658 2291 spernendae
680 2218 804 2272 exstant.
835 2213 1047 2293 Antiquissima
1068 2221 1113 2277 est
1132 2213 1189 2276 illa
1212 2214 1293 2272 Vettii

249 2314 388 2387 defecato,
420 2311 502 2372 errius
530 2316 651 2390 praeter
672 2328 777 2374 nomeu
797 2312 871 2375 nibil
891 2321 995 2378 exstat.
1039 2315 1180 2397 Sequitur
1200 2316 1292 2374 musto

249 2416 320 2491 lepis
344 2415 480 2490 Papiriae
509 2409 547 2472 de
571 2411 696 2473 tribunis
723 2411 888 2477 reficiendis
904 2411 973 2496 (⁵⁴);
1006 2416 1110 2478 deiude
1137 2417 1234 2502 oratio
1262 2414 1292 2472 dt

250 2516 309 2590 depo
340 2515 430 2572 Peom
461 2521 488 2571 et
512 2517 668 2590 pcrcqrduds
685 2509 753 2592 (5⁵),
784 2515 886 2578 habita
911 2525 979 2582 ante
1006 2525 1196 2600 quaesturam
1222 2517 1290 2580 Sar-

247 2613 419 2676 diniensem.
450 2612 498 2676 Ex
515 2631 575 2692 qna
591 2630 655 2675 cum
671 2613 811 2690 redisset,
828 2623 983 2680 cautionem
994 2619 1176 2698 adpopotam
1186 2617 1293 2690 babuit,
1321 2613 1323 2624 ⁴

247 2715 333 2777 'cuius
363 2713 474 2776 Gellius
500 2712 597 2776 locum
625 2716 698 2776 satis
728 2717 856 2797 amplum
885 2721 1005 2782 retinuit
1020 2717 1089 2802 (5⁶);
1121 2721 1191 2782 item
1220 2718 1291 2796 apud

249 2835 376 2875 censores
394 2833 512 2877 caussam
530 2813 619 2890 dixit,
641 2817 724 2878 cuius
741 2817 919 2882 defensionis
937 2821 1010 2883 duas
1025 2821 1189 2903 particulas
1204 2821 1292 2883 babe-

247 2935 310 2978 mus
328 2912 390 2996 (57).
435 2916 604 2996 Sequuntur
629 2919 779 2980 contiones
807 2921 991 2986 tribuniciae.
1030 2925 1148 2988 Primae
1170 2924 1291 2986 omnium

244 3018 381 3090 ¹vitientur
407 3018 556 3080 orationes
584 3017 661 3081 duae
687 3025 718 3080 da
745 3026 778 3080 P.
805 3023 947 3100 Popilium
969 3027 1142 3096 Laenatem,
1171 3041 1289 3106 quarum

245 3137 300 3184 sex
328 3118 508 3202 particulae,
537 3118 590 3180 sed
616 3120 825 3202 brevissimae,
854 3124 1042 3188 etiamnunc
1069 3126 1210 3203 leguntur
1226 3122 1288 3204 (5⁸);

247 3223 380 3302 sequitur
402 3220 514 3294 oratio,
537 3239 593 3298 aaa
615 3221 702 3297 dapem
717 3224 852 3296 Aufeiam
872 3225 1024 3298 dissuasit,
1047 3245 1125 3308 quae
1145 3228 1185 3290 ad
1202 3228 1288 3294 raeti-

241 3513 243 3518 ,
314 3465 361 3533 53)
379 3465 435 3521 cte.
445 3465 541 3521 Aecus.
554 3466 635 3524 Verr.
650 3467 683 3522 V.
696 3469 740 3535 ce,
758 3470 814 3526 lea.
842 3471 920 3528 Catil.
935 3473 954 3528 1.
971 3474 1011 3531 ll.
1031 3475 1100 3532 Rab.
1113 3477 1199 3532 Perd.
1211 3480 1236 3544 d,
1248 3477 1285 3530 ll.

244 3551 291 3619 54)
309 3551 416 3608 Charis.
433 3569 459 3621 p.
477 3551 535 3611 177.
556 3553 614 3619 181,
634 3553 692 3611 197.
710 3555 770 3612 ato.
860 3557 906 3627 55)
923 3557 1019 3615 Festus
1036 3579 1064 3617 v.
1079 3581 1130 3616 ree
1141 3563 1283 3634 publicas.

241 3635 375 3692 Beierum
397 3637 498 3694 Fumat
520 3640 681 3711 corrigentis
706 3657 829 3696 errorem
847 3642 919 3698 bene
942 3645 1007 3700 olim
1030 3649 1175 3719 castigavit
1192 3649 1284 3719 Meye

244 3737 300 3774 rus.
336 3719 492 3792 Legebatur
515 3733 606 3779 autem
623 3723 660 3780 P.
679 3724 774 3792 Eamd5
796 3745 891 3783 verum
907 3729 971 3796 Ant.
989 3732 1141 3804 Augustino
1166 3735 1282 3790 debetur.
1321 3749 1322 3784 1

245 3803 292 3871 56)
319 3804 390 3859 Geli.
407 3806 469 3862 XV.
489 3807 528 3861 12.
615 3810 660 3879 57)
685 3811 742 3867 Cic.
764 3809 842 3869 Orat.
861 3814 909 3882 70,
928 3815 988 3874 233.
1017 3817 1122 3876 Charis.
1143 3838 1171 3890 p.
1191 3820 1230 3876 61.
1248 3819 1281 3872 cd.
1321 3853 1322 3878 1

243 3888 385 3946 Plutarch.
413 3891 444 3946 G.
458 3891 583 3948 Graccho
598 3895 640 3962 2,
658 3897 682 3949 is
698 3897 789 3969 capita
806 3899 974 3956 defensionis
991 3906 1113 3974 exponit.
1134 3924 1162 3962 v.
1179 3905 1281 3976 Meyer.

243 3993 271 4047 p.
284 3975 344 4032 230.
431 3978 477 4048 te)
496 3977 547 4036 Est
559 3981 630 4034 enim
643 3981 732 4036 altera
743 3984 854 4051 eadem,
873 4003 944 4055 quae
956 3989 1109 4046 inscribitur
1128 4009 1197 4050 cam
1207 3995 1282 4048 circa

245 4062 443 4120 conciliabula
467 4069 541 4130 iret,
565 4084 593 4122 v.
611 4065 720 4122 Festum
744 4087 772 4128 v.
789 4078 961 4143 poteratur,
987 4083 1015 4128 et
1039 4072 1112 4129 adde
1132 4077 1204 4134 Geli.
1221 4075 1239 4130 1.
1257 4075 1281 4127 7.

241 4147 347 4286 Χιὲῗ.
371 4149 445 4208 Fest.
463 4167 490 4210 v.
510 4154 753 4232 occdeddaadoret
769 4173 796 4213 v.
815 4159 982 4216 massalino
998 4176 1104 4238 qaaere
1122 4168 1151 4218 ct
1163 4157 1283 4224 Diomed-

244 4250 272 4306 Ρ.
342 4272 348 4285 .
