2646 4772
263 403 327 474 AD
351 404 436 474 cle.
459 404 657 476 BRUTUM
680 405 770 474 GAP.
792 404 823 474 4.
846 407 877 474 5.
997 409 1093 484 uo
1152 477 1155 483 .

138 597 172 640 rc
191 579 320 657 coeam]
343 579 500 642 condamm
514 579 617 662 fruges
634 581 665 644 iu
684 579 848 644 futurorum
866 597 1007 644 amorum
1025 601 1094 646 usus

62 678 319 746 rel'ueceasitates.
354 681 414 746 Cic.
431 683 536 749 Accua.
557 683 588 746 iu
608 682 693 748 Verr.
711 682 748 745 ll
768 685 805 757 2,
822 681 859 744 5:
882 686 977 761 itaque
994 685 1094 746 dicito

61 785 196 858 procincto
223 801 333 860 semper
361 786 406 844 osi
429 803 543 856 camere,
569 792 601 844 nt
622 783 753 864 quicquid
773 801 810 843 ec
829 803 890 842 nese
911 792 1005 862 posset
1024 804 1094 862 pro-

60 880 140 954 ferre,
175 884 205 942 td
231 903 288 944 noa
317 883 395 962 opud
421 903 470 946 ros
501 889 597 962 noem,
629 885 679 946 ord
706 884 783 944 domi
811 892 925 946 nostroe
953 883 1095 944 eonditum

60 990 220 1057 portaremus.
251 983 327 1048 lliuo
346 984 454 1048 tralato
467 985 608 1064 vegetius
626 1003 646 1048 a
661 985 785 1064 Meyero
804 984 913 1048 allatus
929 984 1095 1050 Veterinar.

60 1080 101 1145 Vl.
122 1086 174 1146 ll:
201 1085 350 1146 aduersum
374 1091 469 1146 uranio
496 1105 599 1162 pemmo
620 1085 780 1146 morborum
799 1085 938 1145 soluturis
959 1085 1095 1158 confectio

58 1185 250 1262 praeparando
268 1194 326 1258 est,
348 1194 380 1246 ct
402 1191 475 1246 inter
495 1191 559 1264 ipso
580 1191 662 1246 initia
679 1205 716 1246 eor
733 1186 852 1246 conditis
868 1189 958 1264 possit
976 1189 1094 1246 camerti.

58 1283 220 1350 Ciceronem
235 1287 361 1348 conditos
374 1287 485 1361 foretne
502 1287 612 1350 dixisse
629 1287 779 1351 orationes
794 1305 863 1350 snas
881 1283 951 1348 olim
967 1286 1094 1361 habitas,

58 1383 103 1446 sed
130 1385 259 1450 nondum
289 1387 435 1474 expolitas
470 1387 638 1470 editasque,
671 1405 748 1472 quae
778 1387 926 1452 Schuetzii
952 1387 1097 1448 sententia

59 1493 110 1562 est,
136 1496 262 1570 propter
288 1487 417 1552 additum
445 1509 535 1568 poene
559 1490 684 1572 probari
709 1507 769 1554 uou
796 1496 911 1572 potest;
939 1488 1039 1552 uerius
1061 1485 1097 1550 de

55 1584 156 1665 literis,
192 1590 318 1652 maxime
347 1591 555 1674 philosophiae
585 1590 688 1654 studiis
716 1591 909 1672 intelligitur,
945 1587 983 1651 ad
1009 1606 1098 1670 quem

56 1704 113 1750 tum
135 1689 233 1750 aditus
254 1711 343 1769 poene
363 1693 417 1752 soli
437 1697 591 1770 potuisset,
611 1693 720 1774 quippe
741 1710 829 1772 quam
849 1709 933 1753 nemo
953 1690 1017 1754 fere
1035 1689 1097 1754 Ro·

54 1807 202 1854 manorum
222 1801 343 1872 praeter
362 1793 457 1874 ipsum
478 1799 636 1874 tractaret,
650 1792 735 1853 libris
758 1809 823 1853 eam
843 1789 1011 1871 explicandi
1033 1791 1098 1852 ani·

54 1907 123 1953 mum
150 1893 303 1956 abiecerat
329 1901 452 1976 propter
480 1893 560 1956 mala
582 1894 628 1956 rei
655 1891 809 1975 publicam
837 1908 932 1984 neque
958 1891 1041 1974 prius
1060 1890 1099 1954 ad

53 1991 80 2053 id
108 1993 235 2058 studium
264 1995 366 2071 rediit,
396 2013 484 2078 quam
505 1989 649 2058 absolutis
671 1994 788 2076 seriptis
814 1992 984 2056 rhetoricis:
1010 2011 1038 2058 u.
1061 1991 1098 2055 de

52 2091 143 2159 Dirin.
166 2097 207 2160 Π.
232 2099 259 2159 l.
281 2115 345 2178 sqq.

105 2229 111 2245 '
135 2235 187 2296 17.
230 2234 407 2293 voluntarius
426 2229 603 2310 promittitur]
625 2228 747 2305 ,streete
766 2227 840 2292 dixit
861 2235 890 2300 et
909 2232 1028 2310 praeter
1047 2243 1099 2290 ex-

51 2335 276 2414 spectationem,
305 2333 331 2395 si
357 2332 473 2414 quidem
498 2338 708 2413 procuratores
736 2348 774 2394 ex
801 2329 937 2394 mandato
966 2345 1015 2390 res
1036 2329 1100 2411 pri-

50 2443 132 2498 ratas
155 2435 295 2516 agebant.
329 2433 405 2496 Nam
426 2431 562 2496 differunt
581 2435 703 2514 negotia
723 2431 860 2516 publica,
882 2449 957 2513 qnae
974 2431 1100 2494 hominis

51 2535 182 2598 eiusdem
215 2553 287 2598 cura
316 2543 344 2598 et
370 2535 596 2620 procuratione,
627 2533 658 2598 id
687 2541 731 2598 est
757 2551 852 2616 opera
878 2540 939 2595 tam
964 2533 1100 2614 legitima

52 2655 138 2716 quam
173 2637 319 2718 sequestri
345 2645 483 2718 poterant
511 2636 723 2698 administrari:
754 2654 782 2699 r.
810 2633 871 2696 Gio.
897 2633 990 2697 Aead.
1015 2633 1038 2697 1.
1068 2637 1098 2696 3.

48 2736 124 2801 llinc
153 2739 293 2800 contiuua
319 2737 461 2817 pendent;
491 2737 626 2799 nimirum
648 2741 826 2817 procurator
849 2732 885 2793 de
906 2741 973 2795 rato
996 2750 1102 2824 carere

48 2847 75 2901 et
95 2839 275 2903 adversario
296 2835 442 2898 satisdare
461 2835 633 2914 cogebatur.
664 2833 699 2898 V.
714 2833 829 2896 Guiaeii
846 2831 933 2894 Ohss.
949 2831 1012 2898 Vll
1030 2835 1102 2894 27ss

47 2940 230 3012 Bernhardy.

135 3073 174 3138 V.
220 3074 269 3134 19.
311 3071 377 3130 illua
398 3069 431 3128 de
455 3068 619 3148 republica
640 3065 736 3142 libros]
760 3063 1102 3138 contentiosarum

44 3199 71 3241 u.
96 3174 165 3240 Cic.
192 3173 251 3236 Att.
279 3171 328 3236 IV.
358 3173 406 3234 16.
448 3170 483 3246 Q.
505 3169 555 3232 Fr.
583 3167 620 3232 Π.
646 3170 694 3230 14.
732 3165 782 3228 lll.
806 3166 836 3229 5.
877 3165 995 3228 Glintcn
1020 3161 1102 3226 Fast.

46 3279 128 3342 Hell.
162 3273 199 3336 ad
227 3293 254 3335 a.
278 3275 350 3336 700.
392 3271 477 3334 Libri
501 3269 537 3332 de
564 3267 699 3349 legibus,
728 3267 783 3330 etsi
809 3265 915 3329 dudum
939 3261 1102 3349 compositi,

44 3392 149 3443 tamen
171 3376 298 3440 noudum
320 3374 390 3437 editi
410 3373 516 3447 luisse,
541 3387 604 3435 eum
625 3371 747 3433 Brutum
769 3359 899 3450 scripsit,
915 3367 1059 3432 videntur.

138 3505 171 3566 ot
201 3494 302 3574 poseo]
335 3491 476 3573 Meyerus
502 3507 605 3552 errare
633 3488 749 3552 videtur
777 3485 926 3566 iungenda
952 3483 1102 3546 affirmans

46 3621 112 3660 cnm
136 3601 246 3678 poteria
267 3604 351 3674 atquo
371 3601 403 3654 at
422 3595 514 3670 possis
542 3591 563 3652 i.
586 3607 612 3652 e.
635 3586 884 3668 quemadmodum.¹
929 3586 1104 3668 scripsisset

47 3701 179 3774 Cicero,
201 3698 322 3780 opinor,
342 3703 425 3773 utque
445 3701 476 3752 ut
495 3695 611 3770 poteris.¹
639 3688 700 3753 Sed
717 3697 749 3749 ot
765 3692 859 3770 possis
875 3687 991 3753 videtur
1009 3687 1104 3768 sigui·

46 3802 145 3866 ficare
165 3807 197 3858 ot
219 3819 239 3860 o
260 3807 288 3857 te
308 3801 453 3874 impetres,
475 3801 507 3851 ul
527 3792 612 3864 oelis3
635 3790 666 3850 td
687 3789 761 3874 qnod
782 3799 854 3851 certe
871 3797 959 3868 potos.
1003 3789 1104 3867 Rogat

46 3903 229 3970 Ciceronem
242 3898 370 3971 Atticus,
393 3902 427 3956 ut
447 3910 484 3956 ue
502 3890 655 3967 detrectet,
678 3891 760 3954 euius
779 3891 825 3954 rei
845 3890 1000 3953 faciendae
1017 3889 1104 3969 copia

46 3985 202 4090 suppetat.
245 3999 320 4065 llius
340 3993 436 4064 medie
459 3992 694 4074 distinguendum
715 3991 772 4054 fuit
791 3997 860 4076 post
878 3993 993 4068 potants.

132 4123 194 4194 21.
238 4135 355 4180 emscm
368 4112 508 4190 nenton]
529 4109 710 4187 monenda
725 4109 832 4176 dicium
849 4105 1001 4188 Pompeio,
1018 4120 1104 4186 quem

45 4223 137 4289 bello
161 4219 242 4287 cirili
262 4218 352 4296 iuuit,
374 4219 495 4293 optimas
519 4219 642 4294 propter
662 4218 785 4278 mentem
811 4211 843 4278 ia
863 4226 925 4275 rem
945 4205 1103 4290 publicam
