2646 4772
239 403 338 477 85⁰
556 395 958 465 Exnnlcnntonss

237 572 435 643 Waobsmutb.
458 570 533 634 llist
555 569 592 634 a.
612 589 642 652 p.
669 572 718 633 14.
760 571 807 633 Ab
830 571 982 633 oratoriae
1004 570 1078 632 artis
1099 574 1266 652 praestantia

237 675 432 739 alienissimos
465 671 558 734 luisse
589 673 616 733 si
648 671 785 735 Ciceroni
816 669 1000 734 concedimus
1028 669 1070 746 (ι.
1100 670 1137 734 de
1162 674 1209 736 0n.
1232 671 1264 736 ll.

236 781 287 842 84.
310 774 410 855 341),
438 791 503 835 eum
522 771 649 852 Polybio
670 779 767 852 tpmen
786 772 1019 836 efficacissimum
1038 771 1155 836 virtuts
1172 775 1265 836 incita·

236 886 360 941 mentum
380 877 474 938 fuisse
494 874 660 936 fatebimur.

319 979 370 1040 62.
414 975 453 1035 od
471 975 576 1052 plebem
591 974 782 1052 transitiones]
805 975 857 1055 qui
873 973 1037 1036 maluerunt
1052 993 1073 1032 o
1088 973 1178 1052 plebe,
1197 975 1269 1038 velut

233 1081 389 1153 Ernestus,
415 1075 446 1137 id
467 1077 654 1157 spectabant,
683 1074 762 1155 quod
782 1075 960 1137 transeundo
986 1081 1115 1152 agente
1135 1075 1268 1137 nobiliis

233 1179 395 1260 ignobilem
415 1177 561 1239 illustrari
577 1193 662 1239 nemo
680 1175 764 1237 solet.
799 1175 911 1238 Tamen
925 1195 944 1237 a
960 1176 1094 1258 patribus
1112 1175 1151 1237 ad
1163 1177 1269 1258 plebem

234 1280 376 1362 quosdam
401 1280 543 1340 mansisse
565 1285 601 1354 ¹et
625 1285 762 1339 testatum
783 1285 842 1354 est,
868 1277 950 1342 uelut
969 1277 1006 1338 de
1027 1283 1117 1356 gente
1137 1277 1269 1354 munes,

233 1401 261 1444 ι.
283 1382 347 1445 Liu.
368 1380 417 1444 tv.
439 1381 488 1441 16.
519 1378 597 1441 Plim
616 1377 653 1440 ll.
675 1378 710 1441 Ν.
731 1379 836 1444 xvllt.
855 1381 886 1440 4.
919 1379 956 1440 ci.
976 1379 1070 1458 intpp.
1091 1379 1171 1440 Liuii
1184 1379 1268 1441 Xbll.

234 1485 291 1556 49,
312 1485 360 1555 9.,
388 1489 417 1542 et
437 1481 468 1540 iu
490 1496 541 1541 eos
564 1478 658 1554 cadit,
688 1479 739 1560 qni
761 1488 846 1542 erant
863 1479 1055 1562 panicianum
1073 1479 1204 1560 quidem,
1223 1479 1269 1542 sed

232 1581 444 1662 ignobilionum
462 1583 606 1661 gentium3
623 1581 702 1646 velut
716 1580 908 1644 Claudiorum
918 1580 1092 1654 Marcellos,
1109 1581 1270 1662 quiplebeii

234 1690 332 1758 eraut,
358 1681 449 1762 louge
469 1684 632 1746 nobiliores
658 1681 752 1744 inisse
770 1682 906 1744 Pulobris
928 1689 957 1744 et
978 1681 1158 1746 Gentonibus
1181 1689 1270 1744 nomn

232 1791 290 1845 est:
309 1783 433 1865 quodsi
452 1786 545 1864 igitur
565 1787 631 1866 quis
651 1785 796 1866 patricius
816 1781 957 1846 Claudius
978 1799 1045 1844 sese
1064 1782 1095 1842 in
1114 1783 1272 1845 Marcello-

231 1903 296 1946 rum
320 1886 439 1965 stirpem
465 1887 643 1961 iosiuuaret‚
672 1903 754 1946 suam
774 1883 995 1962 ¹ignobilitatem
1014 1881 1121 1944 alienis
1141 1881 1271 1944 laudibus

229 1985 430 2048 illustraturus
453 1995 526 2048 erat.
557 1988 633 2050 lliuc
652 1992 775 2066 propter
790 1985 916 2064 Augusti
935 1985 1088 2064 imperium
1109 1983 1273 2046 adulatores

230 2085 376 2149 duxeruut
396 2087 535 2150 Octauios
563 2106 583 2148 a
612 2087 679 2151 Ser.
701 2083 802 2148 Tullio
829 2087 861 2146 in
887 2086 1029 2166 patricios
1058 2085 1183 2148 allectos
1209 2093 1273 2166 post

232 2187 271 2250 ad
285 2188 401 2269 plebem
416 2189 573 2250 transisse:
594 2207 623 2252 ι.
642 2185 724 2251 Suet.
741 2187 844 2250 (ictas.
863 2190 893 2248 2.
925 2186 971 2270 lle
986 2185 1113 2268 plebeiis
1130 2187 1272 2256 Comdtta,

230 2290 262 2350 iu
292 2289 397 2370 quibus
418 2289 597 2352 Dolabellae
624 2295 723 2362 eraut,
751 2294 780 2349 et
802 2291 899 2347 marm
924 2287 1004 2350 uelut
1025 2287 1272 2368 Purpureonibus‚

229 2395 372 2461 Maeotis,
398 2392 531 2462 Morbis,
559 2389 691 2450 Pcbltliio
711 2387 782 2467 (bae
808 2395 913 2468 gentes
936 2387 1082 2470 patriciae
1110 2388 1192 2470 apud
1210 2389 1272 2451 Lis.

228 2489 263 2554 V.
289 2488 509 2566 renituntur,
540 2507 604 2552 cum
628 2490 763 2571 plebeias
785 2490 874 2552 etiam
897 2489 992 2552 fuisse
1010 2490 1195 2552 nodssimum
1216 2488 1272 2568 sit),

228 2588 569 2670 ressuscita),
619 2595 745 2667 soporo,
769 2590 890 2661 cassa,
915 2593 1061 2661 conso,
1085 2592 1208 2662 amaa,
1227 2593 1274 2648 sr-

229 2694 326 2762 soss,
349 2693 538 2768 senpectas,
562 2691 824 2772 quorumnnratint
841 2682 960 2772 permiti
975 2689 1105 2766 fuerunt,
1127 2692 1272 2769 ιιιιριιιιι,

228 2809 351 2872 quorum
384 2791 498 2857 Galbae
529 2793 665 2872 patricii,
696 2791 769 2855 Ruti
797 2791 923 2872 plebeii,
955 2791 1098 2852 incertum
1131 2800 1179 2853 est
1210 2807 1273 2853 num

228 2893 333 2972 stirpes
360 2895 464 2954 barum
489 2893 619 2971 gentium
644 2894 752 2972 impari
777 2910 841 2954 cum
861 2889 987 2972 plebeiis
1014 2892 1163 2954 connubio
1188 2897 1275 2956 ,ortae

227 2994 285 3054 sint
313 3011 351 3054 an
377 2993 548 3055 transierint
574 2992 613 3054 ad
637 2991 764 3074 plebem.
806 2993 963 3072 Legendus
988 2995 1076 3055 etiam
1095 2993 1276 3056 Niebubrius

172 3123 178 3136 ·
225 3093 286 3157 rol.
307 3094 331 3156 l.
352 3112 381 3175 p.
405 3096 476 3156 367.
520 3093 673 3157 Sententia
693 3095 768 3156 baec
789 3101 848 3168 est,
876 3101 908 3155 ut
927 3094 1070 3172 ignobilis
1094 3093 1276 3174 posterioris

226 3195 332 3255 aetatis
359 3195 491 3256 homines
514 3195 731 3274 ignobditatem
757 3213 841 3257 suam
872 3194 1033 3277 splendidis
1061 3197 1199 3274 gentium
1222 3213 1277 3277 pa·

223 3296 375 3357 tribianum
405 3297 609 3374 cognominum
636 3297 800 3358 nominibus
825 3297 1059 3378 praetexuerint,
1091 3315 1171 3376 quas
1205 3295 1276 3357 olim

224 3395 264 3456 ad
283 3396 400 3477 plebem
420 3397 562 3458 transisse
582 3396 723 3459 dicerent.

308 3516 328 3555 o
343 3501 388 3554 Μ’
406 3497 511 3573 melito]
533 3497 635 3558 consul
651 3515 716 3559 cum
734 3497 800 3561 Ser.
811 3495 944 3577 Sulpicio
962 3515 989 3557 a.
1007 3496 1071 3558 254
1086 3495 1154 3557 fuit
1192 3491 1280 3571 Quod

223 3595 311 3658 Tnso.
333 3597 356 3657 l.
380 3597 437 3669 16,
458 3598 509 3660 38.
537 3615 602 3658 eum
629 3615 712 3660 suum
738 3597 877 3677 gentilem
903 3604 1003 3670 uocat,
1032 3605 1128 3676 neque
1157 3596 1282 3657 iocatur

224 3693 346 3768 Cicero,
372 3703 405 3756 nt
426 3695 539 3760 Orellio
560 3697 738 3780 Klotzioquc
757 3699 867 3772 uisum,
892 3713 989 3777 neque
1013 3695 1045 3758 id
1067 3713 1131 3757 oum
1155 3695 1223 3758 boc
1247 3693 1282 3754 de

222 3795 411 3874 ignobilitate
428 3813 482 3857 sua
499 3798 665 3861 testimonio
682 3807 810 3880 pugnat3
827 3798 858 3860 id
872 3797 951 3879 quod
967 3797 1038 3859 satis
1052 3813 1090 3859 ex
1100 3793 1282 3858 detmtione

221 3897 388 3973 pestilitatis
408 3904 536 3972 constat,
560 3915 647 3978 ιιιιιιιι
668 3899 748 3964 dedit
768 3901 845 3982 Top.
867 3901 905 3972 6,
928 3901 980 3962 29.

306 3999 358 4060 63.
404 3998 528 4076 Catonis]
557 3997 604 4060 De
623 4000 668 4063 M.
689 3999 801 4064 (latone
823 3999 932 4062 dictum
956 3997 988 4060 iu
1006 3997 1152 4078 prolegg.
1176 3995 1208 4080 ᾗ.
1234 3998 1282 4059 13.

239 4083 241 4090 ’
305 4102 385 4158 octos
409 4097 533 4158 ordimur
552 4101 692 4178 plantasse
712 4101 783 4178 csse]
804 4100 977 4162 ferebantur
991 4099 1102 4179 Lysiae
1117 4100 1283 4162 orationes

222 4195 431 4272 secent„
464 4213 586 4277 quarum
622 4201 768 4278 genuinae
799 4219 819 4262 a
848 4203 992 4281 Dionysio
1027 4201 1285 4280 agnoscebantur
