2640 4780
319 405 512 476 BRUTUS
541 406 632 476 GAP.
655 407 706 474 11.
730 407 780 484 12.
996 405 1072 482 m

49 588 72 643 te
90 575 239 657 audiente,
270 587 361 663 mem
390 595 494 644 rerum
521 575 733 646 Romanarum
758 583 916 644 auctorem
936 575 1070 646 laudare

48 715 154 781 possum
181 693 472 780 religiosissumum.
513 693 581 762 Sed
605 705 669 762 turn
698 695 765 762 iero
792 693 949 773 Pericles,
979 691 1071 762 Xan·

48 812 126 900 tiippi
138 811 235 892 ilius,
256 813 373 901 dequo
392 821 464 881 ante
483 813 566 892 diui,
586 816 702 902 primus
721 811 862 880 adhibuit
880 813 1070 882 doctrinam:

47 950 111 1016 quaa
132 951 304 1018 quanquam
325 941 388 998 tum
408 931 497 998 nulla
515 943 582 1000 erat
601 932 739 1010 dicendi,
757 941 863 998 tamen
883 931 924 998 ab
942 931 1072 998 Anaxa-
1127 999 1137 1020 ‚

46 1068 110 1133 gera
134 1049 259 1137 physico
282 1050 420 1117 eruditus
443 1051 698 1118 exercitationem
720 1052 831 1116 mentis
855 1070 875 1118 a
898 1051 1071 1118 reconditis

46 1166 239 1256 abstrusisque
261 1169 355 1238 rebus
378 1169 419 1236 ad
442 1187 556 1236 causas
577 1168 714 1236 sorensis
735 1168 956 1256 popularisque
975 1169 1070 1236 iacile

45 1286 212 1353 traduxerat.
262 1285 354 1354 huius
391 1287 544 1355 suavitate
573 1305 715 1354 maxume
740 1286 897 1356 hilaratos
925 1286 1070 1356 Athenae

45 1414 115 1468 sunt:
140 1403 229 1472 buius
257 1405 430 1474 ubertatem
457 1415 487 1474 et
510 1407 632 1494 copiam
654 1405 826 1474 admiratae
850 1405 991 1473 eiusdem
1007 1409 1071 1474 uim

45 1519 149 1589 dicendi
169 1534 382 1611 terroremque
402 1526 576 1594 timuerunt.

113 1639 180 1708 XII.
209 1641 264 1710 45.
292 1639 379 1710 Haeo
407 1645 504 1730 igitur
527 1653 616 1710 actas
637 1643 739 1730 prima
759 1642 893 1710 Athenis
915 1651 1071 1710 oratorem

43 1777 121 1845 prope
145 1761 317 1848 perfectum
343 1760 423 1832 tulit.
465 1759 531 1828 Neo
562 1763 645 1827 enirn
671 1763 704 1827 in
726 1760 983 1830 constituentibus
1005 1779 1071 1828 rem

41 1875 178 1960 publicam
210 1899 271 1947 nco
303 1883 336 1946 iu
366 1879 455 1948 bella
487 1879 676 1964 gerentibus
696 1899 755 1946 nec
783 1882 816 1946 iu
842 1880 999 1966 impeditis
1032 1898 1071 1946 ae

42 2013 152 2080 rognum
171 1997 385 2065 dominatione
398 1998 550 2064 devinctis
569 2000 660 2064 nasci
674 1997 826 2083 cupiditas
838 1998 963 2064 dicendi
980 1997 1071 2062 solet.
1187 2058 1192 2067 ,

41 2117 112 2198 pacis
142 2127 190 2186 est
225 2136 331 2184 comcs
361 2118 477 2202 otiique
506 2117 596 2182 socia
626 2124 658 2180 et
683 2117 747 2180 iam
774 2113 855 2180 bone
886 2116 1071 2182 constitutae
1121 2195 1124 2202 Ι

40 2234 157 2302 civitatis
185 2237 283 2323 quasi
310 2235 438 2302 alumna
465 2234 619 2320 quaedam
648 2232 836 2320 eloquentia.
885 2231 937 2300 46.
963 2230 1072 2320 ltaque

41 2352 75 2418 ait
92 2353 294 2433 Aristotcles,
322 2374 391 2422 cum
425 2353 558 2422 sublatis
580 2356 613 2418 in
635 2349 750 2419 Sicilia
769 2353 912 2436 tyrannis
933 2372 986 2418 res
1007 2355 1072 2439 pri-

40 2479 116 2537 uatae
135 2473 235 2560 longo
257 2471 423 2572 intervallo
444 2473 570 2566 iudiciis
592 2479 819 2560 repeterentur,
844 2479 909 2538 tum
929 2472 1070 2559 primurn,

39 2591 107 2673 quod
125 2600 213 2660 esset
234 2600 328 2658 acuta
348 2590 406 2656 illa
421 2611 500 2676 geos
518 2600 548 2658 et
566 2597 587 2673 †
606 2600 810 2658 controversa
825 2599 950 2669 nature,
972 2601 1072 2658 artem

40 2715 63 2773 ct
85 2719 253 2798 praecepta
283 2707 411 2776 Siculos
434 2706 586 2776 Coracem
613 2718 644 2775 et
663 2707 795 2794 ‘Tisiam
810 2709 1071 2798 conscripsisse:

86 2894 116 2936 ii.
144 2895 248 2936 Athenae
262 2891 326 2946 eunt]
340 2895 395 2934 suut
407 2891 515 2934 Athenae.

40 3041 220 3100 Coriolanum
236 3045 390 3113 excepisse
407 3043 581 3111 sanquinem
601 3042 684 3094 teucri
700 3055 738 3092 ec
750 3045 879 3111 patera,
902 3043 980 3098 sicut
1003 3042 1073 3099 Tbe-

36 3131 193 3185 mbtoclem
210 3127 298 3181 aiunt
311 3129 365 3180 tati
378 3128 540 3196 sumpsisse
553 3123 698 3189 bostiam,
717 3132 893 3194 taurumque
913 3124 1074 3184 Tbemisto·

37 3213 82 3268 cleo
106 3211 292 3276 immolavit,
316 3215 352 3266 eut
372 3227 432 3284 par
453 3209 629 3265 Ocricdaaus
649 3214 678 3266 et
701 3218 785 3266 esset.
819 3210 931 3267 Deinde
949 3217 1073 3285 sequitur

37 3313 138 3370 quoque
160 3315 180 3351 a
198 3314 246 3354 me
266 3313 368 3351 sumas
387 3297 457 3352 licet
478 3304 505 3350 et
522 3313 580 3368 sqq.

93 3387 135 3440 st.
172 3400 274 3437 reram
291 3383 514 3452 Romanorum]
538 3401 594 3438 rer.
614 3381 818 3438 humanarum
835 3382 905 3438 Ven.
925 3385 948 3440 1.
967 3413 1002 3428 -
1029 3405 1074 3441 re·

37 3464 277 3548 tipiceissumum]
306 3469 346 3522 sic
371 3467 421 3540 Lg.
439 3468 465 3523 d
480 3469 521 3524 51.
549 3469 663 3525 Veni.
685 3499 721 3509 —
752 3485 925 3539 quaequam
949 3474 1021 3540 trem]
1045 3491 1072 3544 q.

36 3557 96 3607 icoo
110 3556 152 3612 ed.
166 3571 207 3625 pr.
217 3584 253 3594 —
269 3555 425 3622 mammete]
441 3555 480 3609 sic
493 3554 543 3626 bg
555 3555 581 3610 8,
596 3555 638 3609 51.
655 3554 726 3608 Ven.
741 3553 765 3608 1.
784 3552 879 3610 otton.
890 3583 926 3598 ν·-
942 3555 1074 3614 Aedem

36 3641 105 3706 scor]
126 3641 166 3694 sic
183 3640 226 3693 ed.
245 3655 285 3710 pr.
305 3647 333 3694 et
352 3641 431 3694 codd.
452 3641 543 3694 collati
562 3655 670 3702 omncs3
688 3639 772 3709 vulgo
792 3639 848 3695 inv.
1046 3697 1047 3700 ,

96 3723 157 3778 ΧΗ.
193 3725 235 3778 45.
270 3741 324 3780 aee
341 3731 374 3780 tra
392 3725 468 3779 belia
484 3723 652 3796 'perentibus
669 3741 723 3779 nec
739 3725 783 3793 iro]
807 3724 954 3797 utrobique
971 3731 1003 3784 irc
1022 3747 1074 3785 om.

37 3805 73 3860 ed.
90 3825 130 3878 pr.
149 3809 204 3865 Gu.
223 3810 262 3875 l.;
281 3811 369 3865 altero
386 3811 449 3864 ioco
466 3809 518 3882 mg.
536 3809 579 3866 58.
615 3809 677 3864 Nisi
695 3811 872 3866 antecederet
888 3829 942 3868 nec
959 3818 991 3868 ire
1008 3833 1075 3868 eone

37 3894 218 3950 ediscentibus
234 3914 298 3950 rem
309 3895 410 3968 probb,
432 3896 552 3964 suspicio
570 3903 642 3950 esset
660 3913 822 3952 aesomnes
840 3897 949 3952 dativos
966 3917 1027 3952 esse
1047 3909 1075 3958 et

37 3980 235 4048 praepositione
252 3991 327 4035 recte
345 3997 448 4036 carere.
466 4009 502 4020 -

97 4064 140 4120 oo.
177 4073 364 4121 controverso
390 4067 517 4132 catara]
551 4068 754 4119 controversia
777 4071 839 4119 act.
866 4063 917 4136 Lg.
940 4063 966 4118 8.
992 4065 1073 4121 inser.

36 4150 120 4203 mendi
136 4151 215 4224 siguo
233 4167 283 4218 ψ,
301 4151 342 4204 35.
359 4150 402 4206 39.
422 4151 463 4205 51.
481 4150 516 4204 58
531 4165 603 4204 corr.
621 4150 664 4206 58.
682 4150 724 4206 70.
750 4147 821 4203 Vcrr.
836 4147 904 4205 1.·2.
927 4146 987 4206 ott.
1011 4149 1075 4228 Vnt,

37 4230 83 4287 Ga.
104 4235 126 4290 Ι.
162 4243 334 4292 ceotrocesc
356 4235 406 4308 Lg.
427 4236 471 4292 iti.
508 4239 731 4322 contanceruto
754 4233 804 4306 bg.
828 4233 871 4292 39.
890 4235 935 4295 58.
961 4243 1077 4306 uterque
