2640 4780
233 421 333 496 Μ
629 415 891 490 CICERONIS

233 591 342 658 dicens
363 585 528 656 verborum
548 607 626 658 sane
645 589 798 658 bonorum
817 608 912 658 eursu
929 588 1064 677 quodam
1085 590 1213 658 incitato
1233 593 1277 660 ita

232 707 355 776 furebat
374 716 496 788 amen,
517 717 551 776 ut
570 710 721 778 mirarere
742 718 807 776 tan
829 707 913 776 allas
932 727 984 776 res
1007 727 1104 794 agere
1125 709 1274 796 populun,

231 836 264 892 ut
284 835 370 892 esset
390 827 504 893 insano
524 828 605 895 inter
625 828 761 900 dmenos
779 826 879 894 loeus.
906 824 980 892 234.
1004 822 1060 890 Cn.
1075 835 1180 894 autem
1196 824 1275 893 leu-

230 943 313 1012 tulus
339 943 435 1012 multo
461 946 612 1013 maiorem
634 947 811 1034 opinionem
833 943 958 1012 dicendi
981 944 1104 1010 actione
1131 944 1274 1022 faciebat,

231 1081 324 1149 quam
356 1072 473 1148 quanta
502 1065 535 1128 in
568 1083 608 1132 eo
640 1064 776 1132 facultas
809 1071 894 1129 erat:
927 1063 980 1148 qui
1010 1081 1079 1128 eum
1107 1072 1275 1130 essetnec

230 1191 410 1267 peracutus,
438 1200 616 1268 quanquam
645 1191 676 1250 et
705 1202 745 1249 ex
771 1181 855 1248 facie
883 1189 914 1246 et
938 1199 978 1246 ex
997 1178 1084 1246 uultu
1104 1179 1273 1256 videbatur,

230 1317 290 1364 neo
316 1297 479 1364 abundans
500 1298 623 1378 verbis,
646 1301 706 1367 etsi
726 1297 860 1366 fallebat
880 1299 913 1364 in
935 1315 974 1364 eo
996 1299 1082 1384 ipso,
1114 1301 1164 1366 sic
1184 1300 1275 1364 inter-

231 1415 345 1494 uallis,
376 1415 672 1496 exclamationibus,
699 1436 778 1484 voce
807 1417 898 1483 suavi
920 1425 951 1482 et
971 1433 1105 1492 canora,
1137 1415 1274 1493 †admi-

230 1533 331 1598 raudo
353 1532 505 1599 irridebat
526 1533 652 1601 calebat
679 1536 714 1602 in
735 1533 875 1618 agendo,
901 1542 1009 1610 ntea,
1038 1551 1120 1618 qnae
1140 1533 1272 1608 deerant,

229 1669 292 1716 non
322 1650 582 1718 desiderarentur.
625 1651 687 1730 lta,
716 1661 865 1738 tanquam
888 1649 983 1716 Curio
1013 1651 1106 1738 copia
1127 1649 1272 1717 nonnulla

228 1767 395 1835 verborum
415 1768 502 1836 nullo
521 1769 586 1837 alio
603 1769 687 1838 bono
704 1771 802 1836 tenuit
819 1777 976 1836 oratorum
992 1767 1112 1845 locum,
1134 1767 1207 1834 235.
1229 1770 1273 1834 sic

228 1883 380 1953 Lentulus
398 1892 571 1954 ceterarum
586 1890 731 1955 virtutum
747 1887 871 1954 dicendi
889 1885 1132 1954 mediocritatem
1151 1887 1274 1954 ardone

230 2003 414 2083 occultavit,
439 2008 473 2072 in
495 2025 558 2092 qua
580 2005 740 2074 excellens
768 2005 836 2072 fuit.
878 2002 986 2091 Neque
1007 2003 1104 2071 murita
1126 2022 1217 2071 secus
1238 2001 1271 2068 P.

228 2118 399 2202 Lentulus,
437 2125 525 2190 cuius
558 2133 589 2191 et
622 2122 823 2209 excogitandi
854 2131 885 2189 et
918 2121 1068 2208 loquendi
1098 2121 1271 2188 tarditatem

227 2239 354 2324 tegebat
373 2239 493 2306 formae
516 2241 654 2326 dignitas
673 2243 816 2328 corporIs
837 2248 938 2307 motus
959 2239 1071 2327 plenus
1093 2249 1125 2305 et
1146 2241 1221 2306 artis
1242 2246 1271 2303 et

227 2359 400 2424 venustatis
430 2359 520 2426 uocis
552 2368 584 2427 et
612 2361 753 2427 suentes
782 2367 813 2426 et
841 2357 1031 2444 magnitudo.
1081 2359 1131 2425 sio
1157 2359 1190 2424 in
1214 2355 1271 2422 boc
1310 2453 1311 2460 ἵ

298 2555 357 2610 2³4.
393 2555 664 2615 admirando-in
676 2560 804 2632 apendo]
821 2559 897 2614 locus
910 2558 1085 2629 desperatum
1103 2558 1132 2612 in
1148 2576 1201 2630 quo
1214 2557 1269 2610 libri

229 2640 414 2706 consentiant,
431 2643 483 2695 nisi
501 2643 574 2711 quod
590 2643 656 2700 Par.
674 2643 704 2699 0.
722 2645 806 2698 babet
823 2642 1000 2714 colebatque.
1035 2640 1163 2697 Klotzius
1180 2645 1206 2697 in
1220 2643 1269 2697 Cic.
1309 2659 1310 2664 ¹

229 2722 306 2780 boel.
325 2742 352 2795 p.
371 2725 421 2778 170
444 2743 462 2778 a
479 2728 581 2784 criticis
603 2731 702 2784 ceteris
725 2729 860 2784 dissidens
882 2745 937 2782 non
956 2727 1065 2797 aperuit
1085 2736 1177 2782 tamen
1199 2742 1268 2781 sunm

228 2809 424 2880 interpretandi
442 2811 584 2870 rationem.
620 2813 767 2868 Lambinus
785 2815 902 2868 coniecit
921 2810 1101 2866 admirando
1121 2810 1268 2868 irridendo

229 2893 340 2950 latebat
358 2899 389 2950 iu
406 2898 538 2967 inqendo,-
554 2916 610 2952 uon
631 2899 731 2953 dicitur
748 2909 838 2954 tamen
857 2905 962 2952 orator
980 2897 1120 2960 latuisse,
1140 2897 1191 2951 sed
1208 2898 1269 2958 eius,

227 2979 251 3032 si
268 2997 338 3049 quae
352 2989 428 3046 eunt,
446 2986 532 3038 vitia.
567 2981 685 3038 Ernesto
704 2983 831 3055 placebat
846 2981 962 3037 ualebat
979 2985 1010 3036 in
1026 2981 1156 3054 apendo,
1174 2980 1269 3050 langui·

228 3062 305 3129 dule;
323 3065 471 3120 Sebuetaio
486 3067 672 3124 admirantes
691 3067 847 3124 irretiebat
864 3075 894 3121 et
908 3071 954 3123 sio
969 3065 1085 3122 calebat
1098 3071 1132 3122 in
1146 3065 1270 3136 aqcndo:

227 3154 256 3200 at
270 3165 325 3202 nou
341 3150 521 3217 admirantes,
538 3153 587 3206 sed
601 3153 741 3208 auditores
758 3154 792 3207 ab
806 3159 916 3208 oratore
932 3152 1091 3206 irretiuntur
1104 3159 1133 3203 et
1146 3150 1175 3203 id
1189 3151 1267 3218 ipsum

228 3238 317 3286 tamen
328 3237 523 3288 veteratorium
532 3238 636 3305 potius,
651 3255 730 3307 quarn
743 3237 904 3298 oratorium
922 3235 1164 3305 Waardenbnrgio
1174 3232 1267 3303 Opuse.

227 3318 294 3373 Grit.
319 3335 344 3387 p.
363 3319 404 3372 57.
424 3319 610 3375 admirantes
626 3321 799 3386 irretiebat,
825 3318 940 3378 calebat
957 3323 977 3374 i.
997 3337 1042 3384 a.,
1066 3319 1202 3389 asyndcto
1220 3333 1267 3370 non
1306 3311 1307 3322 ¹

226 3402 385 3468 tolerando,
411 3403 484 3472 quod
507 3405 578 3457 idem
602 3406 629 3458 in
652 3407 835 3460 coniecturam
854 3403 1015 3458 Buttmanni
1040 3403 1114 3456 cadit
1133 3405 1193 3459 Act
1212 3402 1268 3455 Soc.

225 3485 331 3540 lenens.
351 3485 371 3542 l.
391 3503 417 3558 p.
431 3487 479 3541 tite
498 3489 678 3558 admirando
698 3491 851 3546 irridendo
866 3487 1052 3562 splendebat,
1070 3486 1191 3542 calebat
1209 3488 1227 3539 i.
1243 3502 1266 3538 a.
1305 3519 1306 3546 ,

227 3569 408 3644 Scbevingins
426 3580 453 3626 et
466 3570 587 3628 Orellius
605 3575 780 3634 coniecerunt
797 3575 985 3628 admirantes
1001 3570 1162 3626 irretiebat
1179 3573 1267 3644 copie·

228 3651 347 3724 batque.
387 3656 521 3710 Callebat
538 3657 740 3712 Billerbeckius
764 3660 869 3713 invenit
893 3659 975 3728 idque
999 3658 1099 3727 legitur
1121 3655 1149 3709 in
1173 3657 1215 3710 ed.
1233 3670 1266 3724 pr.

228 3734 355 3792 Omnium
369 3740 553 3793 infelicissima
566 3740 677 3814 Meyeri
689 3743 820 3813 suspicio:
839 3743 1003 3796 admodum
1020 3739 1178 3794 arridebat
1191 3738 1268 3794 calle

228 3821 334 3891 batque
358 3827 391 3875 in
411 3824 533 3895 aqendo.
568 3825 640 3880 Nam
662 3845 715 3882 nec
737 3828 873 3883 arridere
895 3828 993 3880 dieitur
1016 3835 1113 3880 oratur
1136 3825 1265 3878 auditores

226 3924 291 3962 suos
317 3907 451 3962 deliniens
477 3917 505 3963 et
527 3929 603 3966 mera
625 3911 767 3967 barbaries
792 3919 834 3966 est
856 3912 964 3966 callere
986 3915 1019 3965 in
1042 3910 1168 3982 aqendo.
1205 3905 1265 3962 Mitt

227 3993 290 4048 oiim
315 3993 417 4064 placuit
440 3995 622 4050 admirando
642 3995 794 4050 irridendo
813 3996 944 4061 calebat,
968 4000 1001 4050 in
1024 3995 1141 4067 aqenda
1163 4001 1198 4048 ui
1213 3998 1265 4048 &at

226 4080 244 4133 i.
261 4097 285 4135 e.
305 4077 520 4152 εἰρωνευόμενος
536 4083 601 4136 boni
618 4082 724 4152 patroni
742 4084 862 4152 speciem
880 4099 948 4151 prae
967 4098 999 4134 se
1016 4080 1143 4144 terebat,
1160 4088 1189 4134 nt
1206 4078 1265 4130 inter

226 4165 360 4234 agendum
376 4165 499 4220 delectus
517 4168 575 4220 eius
593 4183 649 4219 non
667 4168 840 4222 sentirentur.
874 4165 957 4220 Nune
973 4164 1104 4235 praefero
1123 4165 1267 4219 admiror·

229 4247 300 4303 dum
318 4253 351 4303 in
365 4251 488 4306 aradam
506 4249 623 4308 calebat
644 4253 676 4308 in
693 4252 827 4324 aqead03
849 4268 906 4308 non
925 4249 1052 4324 proiecto
1068 4249 1266 4308 uehementiore
