2640 4780
264 403 366 478 ulo·
467 411 470 415 '
657 393 921 470 CICERONIS

267 575 397 641 desitas.
440 568 728 658 domorumque,
751 592 800 638 me
821 574 854 638 iu
873 570 1050 658 plerisquee
1073 563 1285 656 quinquenii-

268 693 328 760 deo
350 689 426 756 mibi
447 689 545 756 multe
561 689 699 774 legende
719 691 782 756 iem
804 699 834 756 te
856 699 1000 767 auctore,
1023 707 1104 775 quoe
1127 698 1221 754 antee
1238 707 1286 753 oon

265 808 450 878 temnebem.
494 806 565 874 124.
588 807 684 894 Atqui
705 807 800 888 bueo,
821 810 959 896 inquam,
983 807 1021 874 de
1043 809 1166 873 incestu
1186 807 1285 872 laudato

266 931 367 995 oratio
390 925 521 1014 puerilis
552 936 599 992 est
620 925 701 992 loeis
724 926 844 992 multis:
873 926 1058 1028 depumore,
1085 925 1124 990 de
1145 925 1285 997 tormentis,

267 1047 305 1113 de
331 1065 454 1112 rumore
482 1045 546 1112 loci
575 1064 653 1110 sane
675 1047 801 1123 inanes,
823 1061 929 1110 renum
951 1054 1057 1110 tamen
1076 1041 1213 1110 noudum
1233 1042 1285 1108 tritis

265 1174 442 1232 nostrorum
472 1162 630 1228 hominum
659 1162 787 1228 auribus
811 1181 871 1228 nee
899 1161 1021 1228 erudita
1048 1163 1173 1226 civitate
1197 1161 1285 1226 tolero-

265 1283 358 1349 biles.
402 1279 536 1367 Scripsit
568 1282 661 1346 etiam
691 1280 757 1346 elie
788 1297 852 1346 non
880 1279 970 1346 nulla
996 1287 1027 1345 et
1057 1279 1155 1344 multa
1180 1279 1250 1344 dixit
1269 1285 1286 1340 et

265 1401 403 1468 illustria
424 1408 455 1464 et
473 1400 505 1464 in
522 1419 651 1466 numero
668 1409 868 1486 patronorum
886 1398 956 1476 fuit,
978 1407 1012 1464 ut
1029 1417 1098 1464 eum
1116 1399 1222 1475 mirer,
1243 1413 1287 1462 eud

172 1585 178 1594 ,
267 1529 298 1584 et
318 1521 384 1596 uita
404 1516 665 1603 suppeditavisset
689 1527 720 1584 et
738 1517 887 1604 splendor
909 1519 939 1583 ei
960 1537 1023 1584 non
1045 1515 1211 1594 defuisset,
1238 1533 1287 1582 oon·

266 1635 366 1702 sulem
387 1653 451 1700 non
471 1635 581 1700 fuisse.

349 1749 501 1818 XXXIII.
535 1750 607 1816 125.
642 1749 813 1818 Sedeooe
845 1753 878 1816 in
911 1749 1055 1818 manibus
1087 1753 1137 1818 vir
1165 1760 1195 1817 et
1218 1767 1287 1838 prae-

266 1871 459 1938 stantissimo
488 1872 616 1954 ingenio
638 1879 669 1934 et
689 1867 837 1956 flagranti
863 1869 966 1936 studio
989 1879 1019 1936 et
1041 1869 1149 1936 doctus
1175 1888 1194 1934 a
1212 1884 1288 1955 puero

267 1987 301 2054 C.
327 1987 498 2054 Gracchus.
539 1987 607 2054 noli
634 1989 717 2053 enim
743 1998 851 2074 putere
881 2007 1082 2074 quemquem,
1107 1986 1216 2066 Brute,
1242 1986 1290 2073 ple-

264 2109 386 2173 niorem
413 2115 466 2172 aut
485 2105 662 2172 uberiorem
690 2105 917 2172 addicendum
941 2107 1050 2172 fuisse.
1094 2104 1134 2172 Et
1158 2106 1227 2183 ille,
1254 2101 1290 2168 Sit

264 2237 411 2314 prorsus,
445 2225 560 2310 inquit,
594 2227 746 2290 existumo
781 2234 873 2310 atque
905 2227 998 2292 istum
1033 2225 1071 2290 de
1101 2222 1290 2311 superioribus

265 2361 365 2430 poene
393 2341 494 2408 solum
522 2341 607 2426 lego.
654 2339 751 2408 Immo
778 2341 887 2428 plane,
917 2346 1057 2429 iuquam,
1084 2341 1195 2420 Brute,
1220 2342 1290 2425 leges

266 2477 392 2526 oenseo.
437 2459 579 2524 damnum
604 2461 687 2526 enim
717 2459 805 2526 illius
834 2443 997 2528 immaturo
1025 2462 1152 2527 interitu
1177 2480 1228 2526 res
1247 2457 1291 2522 lto·

265 2596 378 2644 menae
396 2573 590 2664 Latinaeque
615 2576 726 2645 literae
748 2578 900 2646 fecerunt.
931 2580 1003 2646 126.
1025 2577 1150 2646 Utinam
1172 2587 1291 2646 nontin

320 2794 374 2843 123.
400 2794 505 2848 munuera]
519 2807 631 2838 enumera.

331 2862 376 2904 115.
402 2867 442 2905 aut
454 2861 592 2920 uberiorem]
607 2867 631 2906 et
645 2864 776 2906 uberiorem.

265 3054 404 3120 iuquam,
423 3047 565 3121 iutellipo.
598 3047 719 3103 Contulit
731 3047 865 3119 Meyerns
883 3049 1162 3120 1119148151.-
1179 3044 1291 3112 numero]

264 3141 307 3188 est
323 3133 391 3190 Eru.
410 3133 837 3199 coniecturo311brieuumera‚
856 3135 988 3202 borbore3
1011 3135 1074 3190 Sob.
1094 3146 1291 3192 annumerem

264 3217 315 3274 Gn.
336 3220 360 3274 1.
395 3217 549 3288 Utrumque
572 3235 607 3272 ex
627 3215 754 3271 linitione
777 3217 855 3274 verbi
874 3221 991 3290 proximi
1011 3223 1127 3277 duellae
1143 3222 1229 3276 fluxit.
1259 3231 1291 3271 me

265 3315 316 3356 om.
335 3301 387 3358 Gu.
407 3303 431 3358 1.
456 3303 521 3357 Vut.
539 3330 575 3346 —
600 3304 702 3372 anteo]
722 3309 791 3359 onie
809 3305 851 3358 ed.
869 3321 909 3376 pr.

180 3495 181 3500 ἵ
325 3384 404 3476 'liu'
428 3421 523 3490 utqui]
541 3427 631 3491 utque
648 3421 689 3476 ed.
707 3439 749 3492 pr.
767 3450 803 3464 —-
829 3440 932 3478 oerum
947 3424 1059 3491 tumeo]
1081 3423 1189 3478 divisim
1204 3422 1248 3492 Lg.
1261 3416 1290 3470 5¹·

263 3501 306 3557 53.
324 3502 366 3558 56.
385 3531 420 3543 -
445 3511 474 3557 et
492 3505 635 3575 illustria]
654 3513 683 3560 et
700 3507 812 3562 illustri
828 3507 877 3582 ug.
890 3507 916 3562 8.
929 3509 971 3564 51.
998 3509 1068 3564 Ven.
1090 3506 1114 3565 1.
1138 3507 1196 3564 011.
1221 3503 1289 3560 Gul·

265 3595 294 3641 et
312 3589 439 3643 illustris
458 3591 501 3644 ed.
519 3590 587 3646 Ven.
617 3591 802 3648 Schneiderus
821 3601 849 3647 et
864 3593 1046 3660 illustrium,
1066 3595 1102 3648 ad
1110 3601 1290 3668 patronorum

263 3671 453 3738 referendum,
472 3675 568 3730 ordine
584 3678 733 3734 verborum
753 3679 862 3734 minime
879 3681 1071 3738 Ciceroniono.
1089 3711 1125 3720 -
1154 3669 1289 3736 eouerrleml

265 3771 331 3810 eum
348 3756 409 3809 edd.
428 3757 471 3812 ed.
490 3774 531 3827 pr.

332 3869 459 3932 xxxin.
497 3875 553 3930 125.
589 3883 719 3950 impertio]
741 3899 794 3936 om.
815 3881 857 3936 ed.
876 3897 918 3952 pr.
938 3907 971 3932 e-
1000 3888 1055 3937 aut
1072 3879 1248 3946 uberiorem]
1262 3873 1288 3927 ⁵³⁶

263 3960 373 4014 correxi
390 3962 529 4034 vulgatum
547 3970 576 4018 et
592 3963 637 4020 ub.
657 3967 804 4022 secundum
819 3967 904 4022 libros
916 3982 1011 4022 omues
1029 3976 1057 4022 et
1075 3969 1118 4022 ed.
1132 3985 1189 4038 pr.;
1208 3967 1238 4020 de
1250 3973 1287 4030 [1¹¹⁰

262 4063 365 4118 genere
384 4065 412 4104 v.
433 4049 536 4106 Comm.
554 4051 600 4106 Cr.
620 4051 648 4105 in
667 4051 702 4106 de
719 4049 769 4108 Or.
787 4051 818 4106 11.
837 4053 887 4119 77,
905 4051 964 4106 315.
984 4060 1011 4106 et
1027 4052 1108 4124 Expl.
1127 4055 1155 4108 in
1173 4051 1218 4108 111.
1234 4043 1287 4111 bl·

262 4127 384 4187 Plenior
406 4135 602 4190 sententiarum
620 4137 740 4208 copiam,
766 4136 883 4192 uberior
905 4137 1007 4194 flumen
1025 4139 1174 4207 verborum
1192 4133 1287 4208 spectet

181 4259 187 4266 .
263 4230 299 4271 ee
319 4217 402 4287 igitur
422 4235 475 4276 nee
498 4221 595 4280 eedem
615 4221 786 4294 significent,
807 4240 860 4282 nee
884 4224 1011 4296 coniungi
1028 4225 1133 4294 solum,
1156 4223 1208 4281 sed
1229 4217 1287 4274 euleu
