2644 4774
246 372 308 442 nn
332 371 419 440 cuo.
439 346 757 442 uuuuum‘cnu.
778 375 830 441 oo.
853 374 905 443 ro.
1021 376 1101 448 nm

64 544 137 607 orari
164 544 286 608 iubebat
312 545 390 607 binis
417 545 500 608 toris
526 543 709 620 mercatori,
735 544 826 608 ternis
846 551 974 626 patrono
995 543 1034 608 ad
1056 545 1102 610 di·
1178 593 1181 598 -

63 645 173 726 cendum
189 645 280 708 datis:
296 663 324 709 1.
336 646 494 709 Aseouinm
510 646 541 728 in
551 645 659 709 Milon.
679 665 708 727 p.
721 647 772 708 37.
798 645 1102 712 nantuacense.

63 745 220 810 (11111111.
242 749 300 821 94,
322 748 394 808 324.
437 745 576 810 Pluribus
601 745 638 810 de
660 763 696 810 ea
717 746 786 826 lege
807 745 946 817 disseruit
965 747 1101 828 Madvig.

62 845 123 909 diss.
145 848 320 907 domionis
342 851 467 907 notoriis
485 866 515 929 p.
536 849 567 911 6.

138 947 210 1010 244.
253 952 417 1010 moncatum
444 948 552 1026 cotom]
586 947 606 1009 i.
640 963 666 1008 e.
698 955 833 1010 notorum
865 955 894 1010 et
924 947 1101 1029 aequalium.

59 1045 193 1128 Meyerns
216 1055 368 1130 comparat
389 1047 534 1125 caponum
550 1051 715 1107 montorium
736 1049 832 1128 Legg.
855 1049 878 1113 l.
902 1051 939 1124 3,
960 1050 991 1112 8.

134 1147 241 1226 comm]
261 1149 391 1212 Orellins
408 1147 564 1210 secundnm
573 1147 719 1210 Nizolium
736 1149 910 1213 adieetiuuun
925 1156 1009 1230 putat
1020 1167 1102 1226 esse;

58 1247 116 1310 inre
138 1247 333 1312 adversantur
352 1249 535 1314 Gebhardtus
557 1249 741 1329 &Meyerna
762 1269 858 1310 oerum
879 1249 1040 1312 relerentes
1062 1251 1103 1314 ad

57 1365 261 1430 praegressum
283 1351 403 1430 quidem.
444 1349 507 1414 Nee
530 1370 627 1411 comm
647 1370 747 1410 nomen
769 1351 839 1434 quid
861 1351 900 1414 sit
918 1351 1034 1416 uidetur
1055 1353 1102 1414 iu·

56 1447 148 1530 telligi
170 1468 269 1531 posse

136 1549 232 1616 LXX.
276 1551 348 1614 245.
393 1554 427 1613 P.
452 1551 623 1630 Porptotus]
645 1557 776 1613 mortuus
798 1558 866 1614 ante
888 1570 916 1616 a.
938 1555 1017 1628 7023
1036 1573 1102 1614 am-

55 1649 125 1710 bitos
155 1653 231 1713 enim
252 1652 381 1712 solmone
405 1651 503 1730 legem
523 1651 658 1734 Pompeii
680 1653 796 1713 tertium
825 1653 954 1715 consulis
979 1653 1014 1715 de
1039 1672 1102 1717 am-

55 1749 114 1814 bitu
135 1760 264 1834 spectat,
288 1769 348 1832 qua
366 1753 522 1830 grauiores
544 1769 659 1832 poenae
680 1751 812 1813 sontibus
833 1754 1008 1816 constitutae
1025 1761 1101 1818 suut.
1194 1807 1201 1818 .

53 1851 86 1916 V.
107 1853 217 1918 Ascon.
238 1854 270 1914 in
290 1852 359 1916 Mil.
385 1855 435 1916 37.
466 1851 617 1915 Plutarch.
638 1851 741 1934 Pomp.
763 1868 788 1914 c.
810 1851 861 1916 55.

134 1953 274 2031 Molonis]
295 1971 323 2017 1.
347 1953 386 2015 atl
407 1971 432 2016 e.
453 1955 513 2029 90,
536 1955 609 2016 312.

136 2056 210 2118 246.
252 2059 298 2114 Μ.
315 2055 473 2132 Pontidius]
493 2073 560 2115 num
579 2054 618 2115 sit
634 2051 721 2128 idem,
739 2052 821 2114 cuins
839 2051 946 2114 dictum
962 2051 1103 2118 landatur

53 2152 88 2215 de
111 2155 165 2219 Or.
181 2155 219 2218 ll.
240 2155 296 2230 68,
319 2154 406 2230 275.,
430 2154 511 2236 quod
531 2155 656 2234 Meyero
672 2154 787 2228 uisum,
809 2151 924 2228 dnhito;
946 2170 1006 2215 non
1026 2155 1104 2217 enim

51 2255 187 2318 ordinem
205 2263 333 2318 aetatum
354 2263 383 2318 et
398 2263 560 2338 temporum
576 2255 651 2318 adeo
673 2255 862 2336 neglecturus
879 2253 972 2317 luisse
988 2255 1104 2318 uidetur

52 2355 176 2434 Cicero,
197 2365 230 2420 nt
246 2356 407 2421 Caesarum
422 2358 546 2438 triginta
561 2357 645 2420 annis
663 2357 805 2420 maiorem
823 2356 909 2419 huius
926 2356 1103 2420 anctoritate

49 2447 137 2521 nsum
159 2457 278 2522 diceret.

137 2564 183 2620 M.
205 2559 356 2637 Menapila]
383 2559 487 2623 consul
508 2577 573 2624 cnon
591 2557 636 2622 M.
657 2557 767 2622 Pisone
789 2575 817 2620 a.
840 2559 913 2622 693.

138 2661 210 2722 247.
254 2664 318 2720 Duo
342 2665 429 2720 atam
450 2661 571 2738 Metelli]
604 2660 681 2719 detor
710 2659 813 2721 consul
834 2676 900 2720 cum
921 2659 957 2720 L.
977 2657 1104 2722 Afranio

45 2775 77 2821 a.
97 2759 178 2834 694,
198 2759 368 2838 optimatum
387 2755 541 2834 defensor,
561 2759 712 2820 Ciceronis
729 2757 896 2832 familiaris,
914 2773 990 2817 anno
1008 2757 1104 2820 altero

45 2865 122 2938 post
151 2875 171 2918 a
199 2856 306 2920 Glodia
334 2873 432 2917 uxore
457 2873 570 2918 ueneno
599 2857 789 2935 interemptus
816 2863 869 2916 est.
913 2858 1010 2932 Nepos
1040 2857 1105 2918 dns

43 2959 150 3020 frater
178 2956 312 3016 tribunus
336 2955 509 3036 Ciceronem
529 2955 678 3016 consulem
699 2955 809 3016 aeriter
827 2955 1025 3036 impugnavit,
1052 2955 1106 3018 sed

43 3077 65 3120 a
90 3055 209 3138 populo
231 3053 383 3116 destitutus
404 3063 457 3119 est.
500 3053 613 3120 Consul
632 3055 728 3117 laetus
750 3063 795 3118 est
815 3073 843 3119 a.
864 3057 938 3119 697.

140 3157 193 3216 loce
212 3189 255 3200 ·-
275 3157 411 3234 populare
431 3157 529 3234 pertas]
551 3173 610 3218 uon
626 3157 700 3234 qood
721 3161 825 3229 nodis,
846 3164 877 3219 ut
892 3157 1033 3236 Meyerus
1053 3146 1106 3219 ett-

42 3261 164 3342 plicat,
197 3255 250 3320 sed
274 3257 343 3327 loce,
371 3257 445 3334 quod
472 3258 511 3316 od
531 3259 668 3336 populant
688 3257 808 3316 dicentes
827 3257 952 3336 plerique
973 3255 1105 3332 offerunt,

42 3361 174 3436 occipere
193 3357 279 3430 tldcd3
307 3349 492 3440 δημήγοροι
514 3358 590 3420 enim
611 3359 726 3420 minime
748 3375 847 3420 omnes
866 3359 980 3440 pariter
1000 3357 1107 3418 lauda·

42 3461 132 3522 biles
154 3465 226 3526 sunt
239 3457 359 3536 ingenio
382 3465 410 3519 et
428 3459 572 3522 oratione.
604 3459 726 3522 Falsum
744 3459 820 3520 enim
836 3476 916 3532 esse,
940 3455 1019 3538 qnod
1038 3457 1109 3520 dicit
1214 3508 1224 3538 ‚

43 3561 124 3634 ille,
145 3559 292 3640 populare
314 3575 406 3637 genus
428 3559 544 3622 dicendi
564 3559 686 3622 minoris
707 3557 837 3619 habitum
856 3576 943 3637 quam
957 3557 1107 3634 iudiciale,

45 3670 79 3724 et
108 3660 233 3722 maioris
253 3659 417 3722 industriae
438 3679 526 3740 qnam
547 3659 716 3732 doctrinae,
743 3658 810 3739 ipse
830 3657 883 3720 ille
904 3658 988 3720 locus
1014 3657 1108 3734 docet,

45 3778 145 3842 quem
167 3767 338 3821 antestatnr.
383 3744 492 3823 Crasso
515 3760 590 3822 enim
611 3776 636 3820 o.
657 3761 701 3821 44
719 3765 793 3823 eutr.
818 3766 959 3841 tanquam
976 3759 1109 3832 cumulus

43 3859 157 3925 landis
177 3859 309 3936 additur,
337 3877 398 3922 non
423 3867 456 3922 ut
484 3857 521 3948 de
547 3861 614 3946 eius
638 3861 822 3941 praestantia
842 3860 1025 3922 donabatur:
1052 3858 1109 3931 fait

46 3969 81 4022 in
113 3961 169 4020 ltoc
190 3965 275 4020 etiam
295 3961 443 4037 popularis
466 3961 550 4020 datio
570 3961 726 4035 eoootuos3
754 3963 874 4022 Antoni
893 3977 980 4036 portua
1000 3957 1110 4016 dicendi

46 4061 149 4122 mutto
174 4065 270 4138 aptius
296 4061 409 4120 iudidio
438 4080 524 4138 quota
544 4061 727 4122 coctionibus.
768 4060 802 4123 ln
822 4059 924 4140 primis
952 4063 1049 4119 aulem
1070 4056 1109 4118 atl

46 4141 255 4226 refellendam
269 4159 354 4223 illam
367 4161 540 4224 sententiam
554 4161 627 4225 lacit
642 4161 726 4225 locus
737 4159 774 4224 dc
785 4161 836 4224 0r.
846 4159 882 4224 11.
894 4161 946 4238 82,
959 4159 1023 4222 334
1033 4175 1109 4242 sqq.;
