2646 4772
282 1327 893 1420 uuxmcfflomlns,

146 1723 169 1788 Ι.
219 1729 248 1789 1.
291 1747 306 1786 e
334 1724 432 1786 etanta
459 1757 501 1768 -
526 1725 560 1784 do
588 1727 622 1796 Q.
648 1727 783 1784 Hortensi
810 1725 910 1802 morte]
937 1725 1114 1790 Decesscrat

65 1823 165 1890 Cicero
191 1827 300 1891 (iilicia
321 1826 475 1910 prouincia
495 1843 550 1907 peu·
571 1844 676 1888 annuns
697 1824 760 1886 iere
783 1823 986 1888 administrata
1004 1845 1031 1890 a.
1048 1829 1112 1892 704

65 1927 173 2004 nodio,
211 1929 244 1992 G.
265 1927 414 1992 Marcello
445 1929 481 1990 L.
505 1926 600 1990 Paulo
630 1925 814 2000 consulibus,
848 1927 953 2007 quibus
980 1935 1112 1991 mortuns

64 2035 105 2090 est
126 2028 163 2106 Q.
183 2029 369 2092 Hortensius.
410 2027 457 2091 Ad
480 2027 652 2089 sententiam
673 2027 761 2088 totius
780 2028 925 2108 prooemii
945 2029 1113 2110 conparari

63 2136 158 2209 potest
178 2129 270 2206 illud,
298 2129 377 2212 qnod
398 2131 485 2192 tertio
507 2129 585 2191 libro
608 2127 644 2189 tic
670 2128 797 2190 Oratore
820 2127 972 2208 praefixit,
995 2147 1054 2209 quo
1075 2131 1111 2193 L.

64 2229 167 2294 Crassi
200 2250 279 2295 mors
313 2239 381 2294 ante
412 2229 522 2294 belluno
540 2229 668 2292 sociale
697 2235 725 2290 ct
749 2227 918 2292 Marianum
947 2237 1114 2312 opportuna

63 2331 294 2408 similitor,'sed
322 2317 413 2412 longe'
436 2331 619 2414 eloquentius
641 2329 822 2411 deplorator.
864 2329 997 2390 Rucuma
1018 2337 1114 2394 autern

62 2432 135 2496 adiit
157 2433 333 2498 Ciceronum
353 2451 513 2517 puerorum
534 2449 640 2508 causa,
663 2439 694 2494 ut
713 2431 832 2514 scripsit
852 2431 918 2513 ipse
939 2431 978 2494 ad
997 2432 1114 2498 Dircrs.

61 2531 96 2598 11.
122 2538 176 2599 17.

149 2639 212 2714 cept
230 2637 362 2714 dotorem]
386 2635 488 2698 eadem
508 2634 619 2697 locutio
642 2641 687 2696 est
707 2635 737 2697 in
763 2652 829 2717 epp.
852 2633 891 2696 ad
911 2636 970 2698 Act.
993 2635 1046 2699 XI.
1062 2636 1113 2699 21.

60 2743 89 2800 ct
114 2738 187 2813 24„
215 2739 320 2818 quibus
348 2736 424 2800 adde
451 2736 583 2816 Spluinm
616 2735 655 2797 ad
679 2735 740 2798 Gic.
769 2754 799 2816 p.
822 2735 909 2800 Sulla
935 2753 966 2818 p.
990 2739 1039 2800 lu.
1068 2737 1114 2801 ed.

58 2839 232 2902 Frotschcr.

149 2937 322 3016 cooptatum]
346 2935 510 2997 nominatus
531 2933 636 2998 Cicero
659 2940 740 3008 erat,
761 2942 793 2995 ut
810 2953 829 2995 a
845 2935 974 3014 collegio
993 2919 1133 3020 coopto(

57 3049 163 3113 retur,
195 3035 380 3117 aPompcio
413 3043 442 3096 ct
472 3035 645 3097 Hortensio:
678 3054 706 3098 u.
727 3033 804 3098 Phil.
827 3034 864 3097 11.
887 3039 933 3111 2.;
967 3043 1115 3120 cooptatio

56 3151 162 3204 autern
186 3137 373 3199 sanciebatur
394 3135 510 3198 tributis
528 3135 653 3198 comitiis
671 3134 827 3198 secundnm
844 3136 942 3216 legem
958 3137 1117 3203 Domitian

55 3243 155 3305 latam
186 3258 213 3303 a.
235 3239 313 3313 6493
344 3244 410 3299 ante
436 3238 512 3300 hanc
540 3255 589 3300 res
610 3245 674 3301 tota
698 3238 730 3299 in
761 3237 946 3301 sacerdotum
974 3247 1039 3302 erat
1059 3259 1115 3322 po-

54 3349 181 3406 testate.
226 3339 389 3420 Gooptatus
418 3347 463 3401 est
492 3339 599 3403 Gioero
625 3339 657 3401 in
683 3339 781 3402 loount
805 3339 839 3403 P.
869 3337 971 3403 Crassi
998 3341 1043 3405 Μ.
1071 3341 1116 3418 R,

56 3445 112 3526 qni
141 3439 227 3504 bello
248 3441 388 3503 Parthico
412 3441 566 3503 interierat
591 3459 618 3503 a.
641 3443 714 3503 701.
757 3438 833 3502 Erat
854 3449 951 3528 autern
973 3450 1001 3504 et
1021 3445 1116 3506 nonni·

54 3545 145 3607 natio
178 3549 207 3603 ct
234 3541 383 3623 cooptatio
405 3543 601 3605 testinnonium
623 3540 786 3616 anicitiae;
813 3560 841 3606 u.
864 3540 903 3603 ad
923 3541 1041 3607 Dicens.
1063 3545 1116 3608 Ill.

59 3649 119 3720 10,
151 3645 220 3706 29.;
251 3643 420 3720 amplissimi
446 3643 597 3703 sacordotii
625 3641 788 3718 coltepium,
817 3645 848 3702 im
876 3663 931 3722 quo
956 3665 1013 3706 mort
1035 3647 1117 3707 modo

57 3747 225 3806 amicitiam
247 3743 352 3803 uiolari
372 3743 450 3820 opud
470 3748 593 3803 maiores
613 3748 738 3816 tuscos
763 3752 839 3816 orat,
861 3745 911 3804 eod
934 3765 969 3805 cc
990 3749 1117 3825 cooptari

57 3845 179 3926 quidem
196 3843 367 3902 sacerdotem
385 3845 494 3914 licebat,
514 3847 562 3920 qui
578 3847 700 3920 cauipiom
717 3861 753 3903 cn
765 3845 881 3922 collegio
892 3855 963 3904 osset
977 3850 1116 3905 inimicas.

150 3949 183 4007 2.
229 3943 376 4022 coortam]
398 3943 556 4025 respondet
571 3943 639 4006 huic
657 3943 736 4025 quod
752 3945 885 4024 sequitur
899 3943 1020 4006 verbnm
1038 3943 1117 4002 doto-

56 4049 204 4124 campum
236 4052 265 4106 et
295 4044 387 4125 longe
413 4043 518 4107 lectius
547 4042 653 4105 dicitur
680 4043 832 4120 cuprinam,
865 4041 897 4104 id
926 4049 971 4104 est
997 4042 1117 4106 multum

56 4128 228 4226 cogitando
247 4151 362 4208 auctam
381 4147 460 4208 sensi
481 4143 661 4220 molestiam,
690 4161 778 4224 quarn
801 4141 929 4222 supetat.
971 4142 1017 4207 De
1037 4144 1117 4208 tnalo

56 4250 135 4313 item
158 4245 332 4339 fortuito-ct
349 4248 529 4311 extrinsecus
550 4243 793 4311 illato‘sinntliter
813 4243 888 4308 dixit
906 4243 1020 4311 Plinius
1040 4244 1115 4329 Epp.
