2676 4774
218 455 366 528 BREVlS
387 459 685 545 succumbitis
707 463 811 534 ROM.
832 465 940 538 ffls'l.
1046 474 1103 548 Μ

53 670 58 678 ,
147 633 312 698 medorum
340 635 404 697 eius
426 643 688 700 commemorantur
710 638 787 702 actio
808 639 840 702 in
860 641 1021 722 Scaurum,
1049 644 1102 709 de·

72 731 155 794 lensio
174 733 204 794 iu
218 733 326 796 iudicio
344 737 483 813 ambitus,
505 735 638 802 defensio
656 737 797 804 mucrona
814 741 1005 822 publicanos,
1028 765 1103 827 quas

73 833 215 910 tetigimnsu
241 843 399 916 practerea
420 839 517 901 oratio
538 857 591 917 pro
611 843 648 898 h.
672 841 807 902 cuman
829 841 868 904 nd
887 844 1028 926 populum
1048 841 1101 928 (¹⁰)

72 940 103 1006 et
117 951 196 1012 mam
212 935 318 998 aedilis
334 936 450 1002 ridetur
467 938 620 1014 hahuisse,
639 941 858 1020 qnaAugustns
870 943 984 1008 Caesar
999 947 1102 1012 eodem

71 1033 179 1096 consilio
197 1055 267 1098 usus
287 1038 397 1115 fertur,
419 1040 453 1098 dc
472 1039 555 1100 modo
576 1038 767 1114 aedificiorum
779 1037 843 1122 (¹¹).
871 1045 969 1108 Genus
987 1045 1101 1112 dicendi

70 1133 160 1196 dicero
189 1135 258 1199 dicit
283 1138 376 1202 fnisse
400 1140 490 1221 qualo
517 1139 686 1204 Stoicorum
713 1142 851 1205 omnium:
884 1155 1017 1224 acutum,
1048 1149 1100 1213 sed

69 1235 179 1298 ieiunam
199 1245 228 1302 et
247 1239 328 1303 exile
347 1257 402 1304 nec
423 1241 547 1304 sumbus
567 1241 671 1322 pupuli
692 1243 940 1310 accommodatum
951 1243 1013 1328 (¹²).

544 1455 551 1470 .
575 1409 626 1470 23.

384 1519 420 1580 Q„
439 1405 571 1576 Metel÷os
588 1520 756 1578 Numidicus.

134 1641 164 1712 Q.
189 1642 330 1702 venditas
350 1642 499 1716 Metellos,
523 1645 570 1706 cui
591 1661 630 1708 ex
650 1643 765 1710 deuicto
786 1647 930 1726 Iugurtha
951 1668 1096 1730 agnomen

63 1740 189 1801 Nouum
215 1741 341 1806 inditum
366 1751 423 1820 eat,
455 1752 569 1826 patrem
596 1745 701 1809 habuit
725 1747 762 1810 L.
791 1748 947 1813 Metellum
974 1752 1097 1816 Caluum

62 1839 229 1906 Macedonici
254 1843 390 1918 trabem,
415 1846 466 1925 qui
487 1845 669 1910 consulatum
691 1849 784 1927 gessit
806 1867 833 1912 a.
857 1853 929 1914 612.
963 1853 1094 1934 Uterque

62 1956 136 2022 nepos
161 1943 256 2008 luisse
276 1944 392 2008 ridetur
414 1946 737 2023 admonitiunculis
757 1967 786 2012 a.
807 1950 871 2014 548
895 1969 960 2014 cum
980 1955 1016 2028 L.
1034 1956 1094 2019 Vc·

61 2044 138 2118 turio;
157 2044 234 2108 ilios
253 2047 329 2108 enim
344 2053 451 2127 putare
470 2065 613 2110 annorum
629 2050 707 2112 ratio
725 2050 776 2112 uix
793 2051 871 2112 sinit.
903 2051 932 2112 Is
952 2053 1094 2116 Metellus

60 2149 157 2220 patrem
176 2147 280 2208 hebuit
296 2148 331 2209 L.
350 2147 505 2209 Metellum
526 2149 573 2210 his
593 2149 742 2212 consulem
757 2147 931 2212 dictatorcm
949 2161 978 2214 et
995 2154 1094 2234 ponti·

60 2240 127 2306 icen
154 2248 311 2310 maximum
335 2247 409 2310 belli
430 2247 534 2312 Punici
561 2249 649 2330 primi
675 2249 869 2330 temporibus,
898 2250 980 2315 cuius
1008 2259 1094 2333 pater

59 2342 87 2404 h.
108 2346 247 2412 Metellus
280 2350 463 2412 consudatnm
494 2351 525 2412 iu
556 2351 700 2414 familiam
732 2349 830 2412 intulit
857 2369 885 2412 a.
914 2353 987 2416 tto.
1032 2354 1093 2418 Sed

60 2445 246 2526 andqnissima
273 2451 429 2512 secondom
451 2453 596 2514 Liciniam
621 2452 777 2514 nobilitate
804 2467 878 2530 gens
899 2460 978 2528 orat,
1009 2455 1092 2518 cuias

58 2544 84 2606 L.
95 2547 238 2612 Caecilius
253 2551 386 2614 tribunus
404 2551 500 2633 plebis
518 2572 546 2614 n.
559 2555 622 2615 316
638 2553 749 2633 primus
767 2552 909 2614 honorem
922 2555 1016 2633 gessit
1027 2551 1090 2634 (¹³).

125 2650 159 2727 Q.
187 2652 330 2715 Metellus
356 2654 391 2715 L.
421 2653 454 2715 F.
489 2662 677 2734 quaesturam
706 2651 956 2717 administravisse
981 2656 1089 2734 Pighio

56 2745 154 2811 uidetur
181 2755 314 2828 aucae,
342 2752 456 2816 duobus
483 2762 551 2836 post
577 2754 612 2818 G.
638 2753 815 2826 Gracchum,
842 2755 936 2816 tribus
965 2763 1033 2816 ente
1054 2757 1088 2818 P.

56 2844 180 2914 Rutilium
209 2854 303 2915 annis.
346 2853 526 2916 Tribunatns
557 2855 620 2916 eius
648 2852 736 2915 modo
763 2853 862 2913 occiso
891 2853 924 2915 (l.
955 2854 1088 2918 Graccho

56 2957 141 3022 gestus
167 2971 195 3014 a.
218 2955 282 3015 634
308 2955 415 3015 tacitns
442 2954 507 3016 fuit.
549 2953 663 3016 Aedilis
686 2951 796 3014 curulis
824 2967 888 3013 cunr
908 2953 953 3016 M.
977 2953 1089 3016 Getone

55 3047 203 3114 Salonicao
226 3071 254 3112 a.
272 3054 348 3126 637,
376 3061 499 3132 praetor
520 3069 548 3114 a.
568 3055 629 3114 ool
658 3050 880 3113 frumentariam
907 3053 1089 3132 prouinciam

54 3149 151 3214 uidetur
171 3151 325 3227 habuisse,
354 3161 405 3216 aut
427 3153 560 3217 Siciliam
581 3161 632 3214 ant
653 3152 822 3216 Sardiniam
835 3147 898 3230 (¹⁴).
941 3152 996 3216 Est
1014 3157 1089 3216 enim

53 3253 102 3312 reri
116 3252 213 3327 simile
229 3261 297 3332 post
311 3254 388 3316 hano
406 3262 575 3336 praeturam
593 3261 623 3317 et
637 3254 766 3316 fortasse
779 3259 903 3336 propter
912 3253 1088 3318 frumentum

52 3348 75 3410 in
96 3353 199 3415 cellam
224 3353 398 3435 imperatum
426 3357 570 3418 actionem
595 3356 824 3438 repetundarum
850 3357 878 3418 ei
903 3356 1085 3437 intentatam,

53 3485 247 3505 ''u--a-n-

53 3569 74 3614 et
86 3563 120 3621 lit.
139 3567 226 3640 elegg.
243 3575 262 3622 t.
275 3565 376 3624 xxiv,
397 3585 423 3639 p.
438 3569 490 3624 235
501 3585 576 3642 sqq.‚
596 3585 656 3624 cnm
675 3567 775 3645 iudicic
794 3567 910 3622 ambitus
928 3568 1085 3624 damnatum

52 3646 163 3708 affirmat.
199 3653 257 3706 Sed
274 3653 388 3709 vivebat
404 3654 493 3708 adbuc
511 3673 545 3710 eo
565 3662 705 3725 tempore,
723 3669 777 3721 quo
797 3652 963 3722 colloquium
981 3653 1016 3708 de
1027 3653 1084 3710 Na·

52 3737 101 3794 turo
115 3737 237 3792 Deorum
257 3737 378 3794 habitum
396 3737 510 3812 fingitur
527 3747 674 3814 praesente
692 3737 839 3794 Cicerone:
861 3736 953 3822 ΗΠ.
973 3738 1022 3806 32,
1039 3740 1082 3798 80.

108 3853 149 3925 10)
166 3855 318 3912 Diomedes
334 3877 361 3930 p.
374 3857 434 3914 372.
524 3859 567 3925 11)
585 3857 733 3912 Suetonius
750 3857 778 3910 iu
793 3855 917 3926 Angusto
933 3873 956 3910 e.
969 3856 1013 3910 89.
1039 3856 1083 3910 lrr·

50 3943 114 3990 certa
130 3948 170 3994 est
185 3943 277 3996 oratio
297 3943 334 3996 de
351 3940 477 4000 tribuous
494 3943 639 4006 militum,
664 3941 737 3996 Feat.
755 3959 784 4010 p.
801 3939 876 4002 toln
901 3949 993 4010 potest
1011 3941 1083 3994 enirm

50 4018 110 4075 alios
123 4033 217 4078 auctor·
231 4027 292 4080 elus
308 4027 430 4099 cogitari.
521 4027 565 4097 le)
585 4025 683 4083 Cicero
695 4027 724 4080 in
736 4022 825 4078 Bruto
839 4023 883 4088 30,
897 4024 954 4077 lld.
975 4022 1009 4076 ci.
1023 4023 1082 4079 116.

51 4102 86 4172 13)
106 4125 132 4164 v.
147 4111 289 4167 Drumenn
306 4109 374 4168 Eiet.
388 4113 422 4168 lt.
442 4121 460 4168 t.
473 4111 508 4168 ll.
527 4129 553 4184 p.
567 4113 612 4168 11.
645 4112 730 4166 Errat
746 4106 887 4162 Manutius
905 4107 941 4160 ad
958 4107 1014 4164 cic.
1032 4107 1083 4162 Di·

48 4201 111 4247 vers.
128 4193 161 4251 V.
181 4197 221 4264 1.,
238 4193 419 4252 Dalmaticum
436 4193 576 4255 Numidici
593 4197 698 4269 petrem
715 4209 835 4264 ponens,
855 4193 903 4264 qui
919 4191 1004 4247 freter
1021 4191 1080 4249 icit.

51 4270 79 4330 V.
94 4276 169 4349 Pigh.
187 4289 207 4337 t.
219 4279 273 4341 lli.
286 4299 317 4353 p.
331 4283 374 4338 te.
460 4283 510 4347 ld)
525 4283 582 4339 Cic.
599 4283 697 4338 Accuc.
712 4279 795 4340 Varr.
813 4276 859 4334 111.
877 4277 927 4344 90,
943 4276 1004 4337 201.

822 4378 870 4445 4*
