2676 4774
2 4283 18 4335 1

185 481 206 527 x
558 456 854 526 PRAEFATIO.

270 627 493 714 Lagomarsini
519 627 583 694 85.
601 629 634 694 in
662 625 854 694 bibliotheca
880 625 1095 694 Riccardiana
1122 591 1233 692 uume-

185 767 252 813 rum
282 750 363 832 gerit
383 745 456 816 557.
501 745 694 814 Chartaceus
716 755 777 823 est,
806 747 938 833 scriptus
959 745 1233 831 negligentissime

174 885 216 940 ‚a
229 863 325 942 1478,
343 863 431 930 nullo
448 866 565 951 preti03
584 883 676 950 quarn
694 863 734 930 ob
752 882 818 929 rem
835 865 1005 950 scripturas
1023 865 1092 928 eius
1111 863 1233 929 discre-

184 993 294 1070 pantes
313 1003 378 1048 non
396 983 647 1048 commemoraui.
680 979 784 1046 Habet
802 983 896 1046 etiam
911 980 1011 1048 libros
1030 981 1069 1046 de
1085 977 1232 1046 Oratore.

267 1097 516 1166 Desiderabatur
541 1097 897 1184 Lagomarsiniauorum
927 1118 1007 1164 unus
1038 1118 1171 1165 numero
1200 1097 1232 1164 Θ.

172 1218 377 1302 designatus.
412 1216 501 1287 Hunc
523 1217 647 1283 tandem
666 1219 700 1282 in
717 1215 911 1282 bibliotheca
931 1215 1236 1309 Maghabeochiana

184 1337 342 1422 reperisse
373 1334 449 1400 mihi
478 1335 602 1414 videor,
635 1355 704 1400 oum
726 1334 852 1400 codices
882 1355 921 1400 cx
939 1337 1039 1402 uariis
1061 1335 1137 1401 olim
1165 1355 1235 1402 mo-

184 1455 333 1520 nasteriis
363 1452 486 1530 illatos,
521 1451 578 1518 scd
610 1473 673 1519 non
689 1507 691 1509 .
705 1453 776 1518 dum
808 1453 968 1520 ordinatos
1001 1463 1031 1519 et
1060 1453 1235 1539 dispositos

185 1570 371 1658 inspiciendi
398 1579 538 1658 potestas
569 1589 589 1634 a
612 1569 822 1636 bibliothecae
850 1571 1010 1658 praelecto
1038 1571 1125 1637 facta
1147 1579 1236 1636 essct

184 1689 419 1755 liberalissime.
474 1685 511 1753 In
543 1687 738 1773 catologum,
770 1689 863 1777 plane
895 1698 928 1756 ut
960 1690 1056 1755 ceteri
1090 1689 1235 1755 eiusdem

186 1811 280 1874 sortis
302 1806 393 1884 libri,
421 1805 556 1873 nondum
582 1807 700 1873 relatus
726 1816 791 1885 est,
818 1807 875 1872 sed
901 1826 1061 1873 numerum
1082 1806 1146 1872 261
1175 1809 1237 1873 im-

183 1945 326 2013 pressum
347 1923 451 1991 habet.
493 1922 563 1990 Fuit
584 1935 685 1992 autem
712 1926 892 1992 monasterii
914 1923 952 1992 D.
975 1923 1081 1991 Marci
1102 1925 1237 1990 fratrum

182 2044 447 2132 praedicatorum
481 2023 665 2110 chartaceos
694 2052 759 2121 est,
786 2043 889 2110 forma
916 2044 1068 2119 maxima,
1097 2045 1236 2130 scriptus

175 2165 308 2228 minime
335 2161 513 2246 eleganter,
545 2161 601 2228 sed
630 2181 669 2226 ex
693 2161 778 2227 fonte
805 2171 927 2228 uetusto
950 2171 979 2226 et
999 2160 1098 2248 probo
1122 2161 1239 2227 ductus

177 2300 254 2346 ‘cum
276 2298 392 2363 magna
413 2279 593 2362 diligentia:
615 2299 674 2344 nec
696 2279 887 2366 spernendus
912 2281 1015 2364 igitur.
1053 2276 1238 2364 Lagomar-

185 2398 247 2463 sini
267 2405 359 2474 nota,
389 2415 450 2481 qua
473 2395 612 2463 codicem
635 2415 656 2464 a
677 2417 711 2462 se
732 2397 878 2462 collatum
900 2399 1010 2464 testari
1031 2395 1238 2474 solet,.adeo

184 2509 353 2599 diligenter
382 2519 477 2578 erasa
505 2523 565 2591 est,
599 2522 631 2580 ut
656 2533 697 2580 ne
723 2534 869 2581 numerus
898 2516 1036 2602 quidem,
1067 2537 1129 2602 quo
1163 2533 1236 2582 eum

184 2633 355 2710 iudicarat,
379 2641 582 2714 agnoscatum
605 2631 687 2717 quod
705 2651 798 2698 secus
814 2634 908 2713 foret,
928 2637 957 2699 si
972 2632 1237 2701 membranaceus

175 2759 279 2817 essct.
313 2747 379 2814 Sed
395 2753 427 2814 in
443 2747 526 2816 hunc
542 2747 898 2835 Lagomarsinianorum
916 2751 1018 2818 solum
1036 2753 1131 2830 cadit,
1150 2754 1237 2840 quod

115 2930 123 2935 .
183 2869 238 2934 ille
266 2888 322 2955 pro
352 2869 469 2932 usitata
503 2869 601 2954 ipsius
628 2867 794 2952 diligentia
811 2871 996 2947 annotavit,
1029 2880 1061 2935 ut
1092 2871 1238 2957 praelixa

182 2987 299 3053 habeat
326 2985 406 3052 haec
431 2984 545 3051 uerba:
578 2984 647 3063 ,,Μ.
671 2985 757 3051 Tulli
786 2984 950 3052 Ciceronis
971 2985 1087 3052 Brutus
1113 2990 1238 3077 incipit.

182 3105 255 3190 lege
278 3104 413 3170 feliciter
422 3108 455 3181 “,
478 3103 560 3190 quod
582 3106 615 3168 in
635 3104 696 3170 hue
717 3103 806 3169 nulla
828 3105 989 3190 scriptoris
1009 3115 1086 3170 nota
1107 3105 1237 3191 legitur,

181 3233 338 3312 postremo
356 3221 438 3308 quod
455 3220 570 3307 ubique
588 3221 654 3288 fere
673 3220 797 3286 exhibet
816 3223 936 3303 inqcui,
956 3223 1096 3305 Pompei,
1115 3230 1235 3306 partis,

183 3353 341 3414 costuma,
365 3341 504 3412 totiens,
533 3336 692 3422 intollepo,
722 3339 846 3420 ucqlcqo
874 3348 905 3404 et
932 3339 998 3406 alia
1025 3344 1178 3428 antiquae
1206 3353 1238 3410 et

181 3461 337 3545 genuinae
360 3459 532 3543 scripturae
557 3457 752 3523 documenta.

150 3632 152 3636 ,
265 3575 382 3645 Horum
409 3575 560 3641 librorum
587 3579 656 3662 pari
690 3575 757 3640 sere
778 3577 973 3661 praestantia
993 3584 1023 3640 et
1046 3579 1239 3646 auctoritato

181 3704 252 3762 sunt
272 3693 409 3761 Venetus
431 3695 532 3780 prior,
555 3689 800 3770 ottobonianus,
822 3689 1047 3776 Lagomarsini
1065 3693 1096 3758 8.
1117 3706 1149 3762 et
1164 3697 1238 3776 51.;

181 3815 273 3898 cique
289 3815 334 3877 ita
354 3812 418 3878 lere
435 3811 550 3896 ubique
568 3812 757 3896 conspirant,
773 3819 806 3874 ut
819 3811 982 3875 veritatem
993 3811 1022 3874 dc
1033 3810 1240 3896 diligentiam

174 3933 364 4018 scriptorum
385 3949 461 4016 prae
485 3947 521 3994 se
540 3928 653 3992 lerant.
686 3927 737 3994 Ab
750 3925 807 3994 his
829 3929 967 4013 proxime
991 3927 1106 3996 absunt
1123 3929 1243 4019 Lago.

172 4051 311 4124 ,marsini
332 4047 383 4112 hd.
406 4045 457 4117 58.
480 4045 552 4110 Par.
572 4043 628 4122 1)..;
644 4046 751 4110 ,ceteri
773 4044 822 4108 his
844 4043 932 4108 nulla
950 4053 1038 4130 parte
1062 4052 1240 4136 aequandi.

265 4165 398 4233 Accedit
414 4166 585 4230 auctoritas
603 4163 749 4230 editionis
767 4159 938 4238 Romanae,
958 4181 1038 4246 quac
1049 4161 1242 4238 Florentiae
1260 4254 1273 4261 ,

173 4293 364 4360 ίειεεεπνειῐιιτ
388 4285 473 4348 'inter
493 4283 626 4370 scriptos
638 4279 745 4348 libros
769 4277 865 4364 plutei
884 4275 922 4343 L.
941 4299 1135 4369 numeroque
1158 4283 1243 4354 xlv
