2660 4776
243 479 335 552 tao
404 475 553 544 BREVIS
573 473 875 558 unooonttutnn
894 471 999 543 ROM.
1020 473 1130 542 HIS'I’.

715 695 745 780 §-
767 699 820 762 51.

613 812 643 870 0.
663 810 784 868 Licinius
801 810 912 868 Calvus.

328 943 359 1000 o.
376 939 506 1000 maso·
524 935 628 996 (inicos
649 935 765 1012 eodem,
788 953 846 1018 quo
866 933 1001 1011 Caelius,
1023 940 1110 996 natus
1130 951 1210 996 auno
1231 937 1290 998 ott

240 1041 403 1123 indispari
423 1047 532 1102 namra
551 1039 689 1118 uitaeque
711 1055 821 1116 genere
841 1035 873 1098 id
893 1043 991 1098 tamen
1010 1036 1058 1098 illi
1078 1036 1176 1124 simile
1194 1037 1290 1111 babet,

240 1142 321 1225 quod
351 1143 404 1206 uix
431 1139 587 1222 explicatis
615 1147 645 1201 et
672 1139 841 1200 monsuads
872 1137 986 1216 ingenii
1013 1137 1171 1203 urmdbus
1203 1156 1290 1220 prae-

238 1252 356 1306 matura
376 1251 469 1304 morte
490 1241 652 1304 exstinctus
671 1236 789 1319 estt⁴⁷).
820 1239 891 1314 Hic,
914 1239 970 1302 etsi
989 1255 1095 1300 nomeu
1113 1240 1291 1308 conantium

239 1343 357 1410 uidetur
379 1359 524 1422 arguere,
550 1359 611 1404 nou
637 1349 735 1404 tamen
760 1359 800 1404 ex
824 1339 1023 1404 uetustissima
1049 1339 1238 1420 plebeiorum
1265 1347 1291 1402 et

238 1445 425 1513 nobilissima
441 1451 529 1524 gente
544 1443 662 1508 Licinia
681 1451 764 1506 ortus
781 1450 841 1518 ost,
863 1440 946 1502 cuius
961 1439 1044 1502 multi
1056 1440 1164 1504 eodem
1178 1459 1292 1520 coguo-

239 1545 318 1608 mine
344 1544 472 1626 praediti
496 1545 623 1608 fuerunt
662 1544 757 1609 Patre
783 1545 860 1606 enim
880 1545 988 1608 Mauro
1012 1544 1146 1619 tinnio,
1171 1542 1211 1606 de
1236 1560 1290 1624 quo

239 1653 309 1710 aute
325 1645 467 1721 diximus,
489 1653 572 1708 ortus
593 1663 652 1708 uon
668 1647 807 1726 antiquae
828 1645 992 1710 nobilitatis
1006 1645 1100 1708 tuisse
1121 1662 1155 1706 se
1174 1645 1238 1706 iam
1259 1661 1292 1706 eo

239 1755 397 1824 monstrat,
419 1745 499 1828 quad
520 1764 593 1826 gens
611 1747 674 1810 cios
694 1755 837 1828 perpetuo
855 1747 1029 1826 cognomine
1046 1753 1145 1821 canen
1163 1745 1222 1826 qui
1233 1761 1293 1808 mos

239 1849 295 1912 sub
316 1848 496 1914 Caesaribus
521 1848 565 1910 ita
591 1847 754 1922 increbuit,
782 1855 815 1910 ut
837 1865 896 1910 non
919 1846 974 1910 biii
996 1845 1083 1908 modo
1105 1865 1126 1908 a
1147 1847 1294 1928 punitum,

239 1949 293 2012 aed
313 1950 401 2013 etiam
421 1949 530 2012 frenes
556 1949 634 2010 inter
653 1967 688 2012 se
709 1947 880 2012 diuersitate
901 1948 1107 2028 cognominum
1127 1945 1293 2026 distmgue-

237 2058 349 2114 reutur.
392 2049 524 2116 Honesta
553 2047 663 2112 Caluus
694 2047 852 2130 disciplina
881 2067 952 2112 usus
983 2055 1012 2110 et
1039 2049 1121 2112 omni
1148 2049 1296 2113 bonarum

238 2152 345 2214 ortium
368 2169 478 2230 genere
494 2150 654 2229 diligenter
673 2149 801 2214 imbutus
817 2149 912 2212 tuisse
933 2148 1064 2223 videtum
1087 2148 1196 2213 muas
1219 2150 1297 2213 enim

237 2251 269 2316 in
291 2269 327 2314 eo
353 2260 385 2317 et
407 2251 577 2316 reconditas
597 2252 702 2316 taras
724 2251 861 2330 agnoseit
881 2250 986 2314 Cicero
1009 2249 1086 2313 alius
1116 2249 1212 2319 iudex
1233 2251 1297 2312 cius

237 2369 298 2414 nou
313 2352 517 2432 aequissimus,
547 2351 652 2434 Neque
672 2353 803 2416 moribus
823 2353 864 2414 ab
882 2369 934 2428 ec,
956 2349 1038 2432 qnod
1054 2351 1196 2427 instituit,
1218 2353 1299 2418 ritae

239 2467 350 2532 genem
372 2451 605 2534 discrepantibus
625 2454 692 2522 tait.
731 2453 829 2534 Frugi
849 2454 925 2516 emm
945 2451 1092 2516 hominem
1111 2451 1209 2520 tunsae
1233 2469 1299 2516 cum

240 2731 314 2802 quod
326 2732 404 2788 buius
421 2743 514 2790 aetate
530 2753 612 2792 nemo
627 2735 679 2792 nisi
697 2735 732 2790 de
743 2735 934 2808 perduellione
950 2735 1025 2807 apud
1038 2733 1172 2806 populum
1183 2750 1299 2790 mousom

238 2815 355 2872 dicebat.
389 2815 490 2889 Neque
508 2823 568 2890 quis
587 2821 666 2874 Ioerit
683 2817 717 2876 L.
736 2819 783 2875 tlte
801 2820 947 2875 Stertinius
964 2824 1086 2886 constat,
1103 2819 1156 2874 sub
1176 2837 1233 2894 quo
1256 2820 1301 2890 qui

236 2900 309 2956 banc
321 2903 475 2958 orationem
489 2905 583 2960 babuit
600 2922 662 2960 sose
678 2905 907 2973 militasse'dicit,
924 2921 978 2959 neo
993 2904 1062 2958 urbe
1079 2903 1170 2958 abfuit
1186 2903 1302 2958 Caelius

236 2987 290 3042 nisi
307 2989 513 3045 contubernalis
532 2991 567 3050 Q„
586 2989 715 3062 Pompeii
730 2992 760 3044 in
777 2989 878 3046 Atrida
916 2989 974 3044 Sed
991 2989 1116 3058 emunita
1133 2988 1257 3044 Catonia
1275 2997 1304 3043 et

234 3071 266 3126 Iu
283 3071 419 3144 IIispania
434 3075 584 3144 proconsul
601 3093 640 3132 ex
658 3083 788 3146 pmbtra
803 3073 839 3131 L.
857 3075 1006 3133 Stenduius
1018 3074 1171 3130 fuitamuio
1186 3075 1246 3130 too
1266 3074 1302 3129 nd

235 3157 304 3226 558,
320 3167 470 3228 maremque
482 3159 552 3216 Cato
570 3160 605 3214 do
616 3161 687 3230 illis,
704 3178 776 3231 quae
787 3162 848 3232 ipsa
862 3160 959 3216 consul
973 3161 1022 3214 iIIo
1032 3167 1104 3214 teste
1118 3159 1147 3214 iu
1161 3159 1307 3232 Hispania

236 3241 344 3298 fortiter
365 3242 483 3299 iecisset.
518 3243 629 3300 Deinde
653 3246 785 3300 orationis·
809 3245 846 3302 de
865 3249 974 3300 vestito
992 3251 1023 3298 et
1042 3244 1193 3302 aedicolis
1212 3247 1305 3318 parti-

238 3326 318 3380 culae
334 3327 409 3397 apud
425 3327 596 3384 Priscianum
609 3327 656 3388 VI.
673 3349 703 3404 p.
716 3327 777 3385 694.
789 3348 811 3385 s.
825 3327 890 3389 243.Ι
904 3337 932 3384 et
948 3327 1024 3384 XIII.
1037 3327 1098 3387 960.
1112 3347 1136 3384 s.
1150 3329 1214 3388 566.
1235 3333 1305 3386 Item

237 3411 351 3466 (intents
366 3419 442 3478 sunt,
461 3421 491 3468 ut
503 3415 596 3484 priore
610 3415 674 3470 Ioco
687 3415 828 3482 scribitur,
844 3429 901 3470 non
914 3413 1015 3482 casib,
1034 3423 1064 3469 ut
1075 3413 1210 3470 Kreblius
1224 3418 1304 3480 vuIt;

238 3496 284 3566 qui
302 3513 361 3550 eum
379 3497 493 3554 GatouIs
516 3516 616 3556 nomeu
639 3502 700 3555 sine
717 3499 812 3554 addito
830 3501 1011 3572 praenomine
1027 3499 1104 3570 apud
1119 3499 1304 3556 Psenmau

164 3587 168 3594 '
237 3581 291 3634 dici
310 3582 402 3636 solare
417 3579 554 3652 affirmat,
573 3585 707 3642 refutatur
721 3585 843 3641 musdem
852 3586 989 3642 orationis
1005 3585 1146 3640 mentione
1162 3585 1213 3642 vt
1228 3587 1305 3653 276,

238 3659 381 3734 Originum
392 3665 442 3722 vt.
460 3685 488 3742 p.
501 3668 573 3738 aba,
589 3671 652 3726 Iibri
666 3669 704 3728 sle
721 3687 753 3724 re
768 3669 876 3726 militani
889 3668 949 3726 VII.
968 3688 994 3742 p.
1006 3669 1066 3726 329.
1086 3677 1115 3724 et
1132 3669 1198 3728 aliis
1217 3672 1304 3727 Iocis.

238 3745 318 3806 Quae
336 3749 417 3822 Casp.
435 3749 567 3810 Barthius
584 3755 733 3812 Adversar.
751 3753 908 3813 XXXVIII.
926 3757 969 3812 14.
994 3774 1022 3827 p.
1041 3753 1118 3809 1748.
1143 3771 1183 3812 ex
1201 3755 1305 3812 lexico

236 3839 334 3889 vetere
351 3833 518 3894 Terentiano
543 3849 671 3911 tanquam
695 3841 828 3896 Caeliana
850 3841 963 3908 laudat,
987 3853 1023 3896 ea
1044 3839 1092 3896 ubi
1115 3843 1305 3912 reperiantur

235 3917 343 3991 ignoro.
380 3921 439 3978 Sed
454 3942 525 3980 sane
544 3919 668 3982 defensio
684 3923 727 3982 bt.
741 3925 847 3982 Satuieii
863 3935 925 3982 acta
943 3942 969 3984 a.
983 3924 1043 3982 toa
1062 3938 1306 3984 commemoratum

236 4003 271 4060 ab
288 4005 409 4064 Asconio
430 4007 466 4064 ad
483 4007 546 4066 Mil.
565 4028 592 4082 p.
610 4009 652 4065 54.
679 4087 682 4094 1

305 4127 351 4194 dt)
369 4127 415 4184 tta
429 4127 517 4183 Gaios
533 4129 632 4184 dinero
645 4132 741 4202 parneis
753 4133 875 4190 Crinitus
889 4135 915 4187 a
927 4129 1066 4203 ttyrntuns
1084 4129 1121 4186 de
1133 4133 1239 4202 poth
1253 4133 1312 4190 Im·

228 4208 300 4264 'tiaris
315 4211 480 4282 confictores,
497 4213 775 4288 hisbovmqnedo
788 4217 914 4290 Buriguy
929 4217 960 4271 in
976 4215 1047 4272 Itist.
1062 4217 1149 4274 4ωό.
1167 4217 1270 4281 haer.
1285 4224 1312 4277 ἃ

234 4291 302 4350 Litt.
318 4294 417 4368 Ebrgg.
432 4297 525 4356 Pan.
542 4304 564 4355 t.
580 4299 683 4362 XXXI.
704 4321 730 4374 p.
748 4302 808 4362 122
825 4311 855 4360 et
870 4319 962 4377 nuper
979 4301 1169 4362 Wetcnertaa
