<?xml version="1.0" encoding="UTF-8"?>
<!DOCTYPE html PUBLIC "-//W3C//DTD XHTML 1.0 Transitional//EN"
    "http://www.w3.org/TR/xhtml1/DTD/xhtml1-transitional.dtd">
<html xmlns="http://www.w3.org/1999/xhtml" xml:lang="en" lang="en">
 <head>
  <title>
</title>
<meta http-equiv="Content-Type" content="text/html;charset=utf-8" />
  <meta name='ocr-system' content='tesseract 3.04.00' />
  <meta name='ocr-capabilities' content='ocr_page ocr_carea ocr_par ocr_line ocrx_word'/>
</head>
<body>
  <div class='ocr_page' id='page_1' title='image "./brutussivedecla00cicegoog/brutussivedecla00cicegoog_0117.png"; bbox 0 0 2660 4776; ppageno 0'>
   <div class='ocr_carea' id='block_1_1' title="bbox 236 329 1119 447">
    <p class='ocr_par' dir='ltr' id='par_1_1' title="bbox 236 329 1119 447">
     <span class='ocr_line' id='line_1_1' title="bbox 236 329 1119 447; baseline 0.005 -13"><span class='ocrx_word' id='word_1_1' title='bbox 236 363 385 434; x_wconf 83' lang='lat' dir='ltr'><strong>nnnvrs</strong></span> <span class='ocrx_word' id='word_1_2' title='bbox 405 361 703 447; x_wconf 82' lang='lat' dir='ltr'><strong>unooonttrmu</strong></span> <span class='ocrx_word' id='word_1_3' title='bbox 723 363 826 435; x_wconf 85' lang='lat' dir='ltr'><strong>eom.</strong></span> <span class='ocrx_word' id='word_1_4' title='bbox 847 366 956 438; x_wconf 82' lang='lat' dir='ltr'><strong>nisu.</strong></span> <span class='ocrx_word' id='word_1_5' title='bbox 989 329 996 336; x_wconf 78' lang='grc'>’</span> <span class='ocrx_word' id='word_1_6' title='bbox 1055 373 1119 446; x_wconf 74' lang='lat' dir='ltr'><strong>oo</strong></span> 
     </span>
    </p>
   </div>
   <div class='ocr_carea' id='block_1_2' title="bbox 21 535 1175 3948">
    <p class='ocr_par' dir='ltr' id='par_1_2' title="bbox 21 535 1175 3948">
     <span class='ocr_line' id='line_1_2' title="bbox 83 535 1120 619; baseline 0.005 -17"><span class='ocrx_word' id='word_1_7' title='bbox 83 545 121 602; x_wconf 86' lang='lat' dir='ltr'><strong>cst</strong></span> <span class='ocrx_word' id='word_1_8' title='bbox 139 535 300 600; x_wconf 75' lang='lat' dir='ltr'><strong>mmandom</strong></span> <span class='ocrx_word' id='word_1_9' title='bbox 315 535 381 618; x_wconf 72' lang='lat'><strong>(⁶⁴).</strong></span> <span class='ocrx_word' id='word_1_10' title='bbox 414 537 475 603; x_wconf 84' lang='lat' dir='ltr'><strong>Sed</strong></span> <span class='ocrx_word' id='word_1_11' title='bbox 495 539 569 602; x_wconf 89' lang='lat' dir='ltr'><strong>baec</strong></span> <span class='ocrx_word' id='word_1_12' title='bbox 587 539 765 604; x_wconf 86' lang='lat' dir='ltr'><strong>consuetodo</strong></span> <span class='ocrx_word' id='word_1_13' title='bbox 787 547 907 604; x_wconf 88' lang='lat' dir='ltr'><strong>eatenus</strong></span> <span class='ocrx_word' id='word_1_14' title='bbox 927 541 1061 619; x_wconf 80' lang='lat' dir='ltr'><strong>valebat,</strong></span> <span class='ocrx_word' id='word_1_15' title='bbox 1081 561 1120 607; x_wconf 87' lang='lat' dir='ltr'><strong>uo</strong></span> 
     </span>
     <span class='ocr_line' id='line_1_3' title="bbox 82 639 1118 722; baseline 0.005 -19"><span class='ocrx_word' id='word_1_16' title='bbox 82 640 144 722; x_wconf 87' lang='lat' dir='ltr'><strong>quid</strong></span> <span class='ocrx_word' id='word_1_17' title='bbox 163 641 194 702; x_wconf 92' lang='lat' dir='ltr'><strong>iu</strong></span> <span class='ocrx_word' id='word_1_18' title='bbox 212 657 346 702; x_wconf 78' lang='lat' dir='ltr'><strong>sermone</strong></span> <span class='ocrx_word' id='word_1_19' title='bbox 362 657 422 703; x_wconf 91' lang='lat' dir='ltr'><strong>non</strong></span> <span class='ocrx_word' id='word_1_20' title='bbox 438 640 601 704; x_wconf 87' lang='lat' dir='ltr'><strong>Romanam</strong></span> <span class='ocrx_word' id='word_1_21' title='bbox 621 641 744 715; x_wconf 63' lang='lat' dir='ltr'><strong>incusem</strong></span> <span class='ocrx_word' id='word_1_22' title='bbox 766 639 818 704; x_wconf 91' lang='lat' dir='ltr'><strong>sed</strong></span> <span class='ocrx_word' id='word_1_23' title='bbox 835 659 913 706; x_wconf 79' lang='lat' dir='ltr'><strong>nora</strong></span> <span class='ocrx_word' id='word_1_24' title='bbox 930 649 959 705; x_wconf 91' lang='lat' dir='ltr'><strong>et</strong></span> <span class='ocrx_word' id='word_1_25' title='bbox 974 643 1118 722; x_wconf 88' lang='lat' dir='ltr'><strong>obsoleta,</strong></span> 
     </span>
     <span class='ocr_line' id='line_1_4' title="bbox 81 741 1118 824; baseline 0.006 -22"><span class='ocrx_word' id='word_1_26' title='bbox 81 742 182 803; x_wconf 87' lang='lat' dir='ltr'><strong>rustica</strong></span> <span class='ocrx_word' id='word_1_27' title='bbox 204 749 233 803; x_wconf 88' lang='lat' dir='ltr'><strong>et</strong></span> <span class='ocrx_word' id='word_1_28' title='bbox 253 742 382 818; x_wconf 89' lang='lat' dir='ltr'><strong>urbana,</strong></span> <span class='ocrx_word' id='word_1_29' title='bbox 413 741 564 822; x_wconf 76' lang='lat' dir='ltr'><strong>elegantia</strong></span> <span class='ocrx_word' id='word_1_30' title='bbox 592 749 621 804; x_wconf 89' lang='lat' dir='ltr'><strong>ot</strong></span> <span class='ocrx_word' id='word_1_31' title='bbox 646 741 764 824; x_wconf 88' lang='lat' dir='ltr'><strong>plebeio</strong></span> <span class='ocrx_word' id='word_1_32' title='bbox 788 760 922 806; x_wconf 88' lang='lat' dir='ltr'><strong>sermone</strong></span> <span class='ocrx_word' id='word_1_33' title='bbox 944 744 1016 806; x_wconf 89' lang='lat' dir='ltr'><strong>trita</strong></span> <span class='ocrx_word' id='word_1_34' title='bbox 1035 744 1118 808; x_wconf 91' lang='lat' dir='ltr'><strong>nullo</strong></span> 
     </span>
     <span class='ocr_line' id='line_1_5' title="bbox 82 841 1119 908; baseline 0.004 -5.778"><span class='ocrx_word' id='word_1_35' title='bbox 82 841 238 904; x_wconf 75' lang='lat' dir='ltr'><strong>discrimine</strong></span> <span class='ocrx_word' id='word_1_36' title='bbox 269 843 462 906; x_wconf 73' lang='lat' dir='ltr'><strong>habebantur.</strong></span> <span class='ocrx_word' id='word_1_37' title='bbox 512 843 616 906; x_wconf 84' lang='lat' dir='ltr'><strong>Talem</strong></span> <span class='ocrx_word' id='word_1_38' title='bbox 648 845 737 906; x_wconf 88' lang='lat' dir='ltr'><strong>etiam</strong></span> <span class='ocrx_word' id='word_1_39' title='bbox 767 845 812 908; x_wconf 88' lang='grc' dir='ltr'><strong>Μ.</strong></span> <span class='ocrx_word' id='word_1_40' title='bbox 839 845 960 908; x_wconf 83' lang='lat' dir='ltr'><strong>Antonii</strong></span> <span class='ocrx_word' id='word_1_41' title='bbox 990 845 1119 907; x_wconf 88' lang='lat' dir='ltr'><strong>oratoris</strong></span> 
     </span>
     <span class='ocr_line' id='line_1_6' title="bbox 21 921 1119 1026; baseline 0.005 -23"><span class='ocrx_word' id='word_1_42' title='bbox 21 921 23 950; x_wconf 71' lang='lat'><em>&#39;</em></span> <span class='ocrx_word' id='word_1_43' title='bbox 81 942 170 1005; x_wconf 91' lang='lat' dir='ltr'><strong>indole</strong></span> <span class='ocrx_word' id='word_1_44' title='bbox 199 961 325 1019; x_wconf 88' lang='lat' dir='ltr'><strong>summa,</strong></span> <span class='ocrx_word' id='word_1_45' title='bbox 353 943 406 1006; x_wconf 88' lang='lat' dir='ltr'><strong>sed</strong></span> <span class='ocrx_word' id='word_1_46' title='bbox 433 944 515 1007; x_wconf 89' lang='lat' dir='ltr'><strong>nullo</strong></span> <span class='ocrx_word' id='word_1_47' title='bbox 545 946 652 1007; x_wconf 92' lang='lat' dir='ltr'><strong>artium</strong></span> <span class='ocrx_word' id='word_1_48' title='bbox 679 943 775 1008; x_wconf 86' lang='lat' dir='ltr'><strong>studio</strong></span> <span class='ocrx_word' id='word_1_49' title='bbox 803 945 931 1026; x_wconf 87' lang='lat' dir='ltr'><strong>praediti</strong></span> <span class='ocrx_word' id='word_1_50' title='bbox 957 962 1119 1008; x_wconf 87' lang='lat' dir='ltr'><strong>sermonem</strong></span> 
     </span>
     <span class='ocr_line' id='line_1_7' title="bbox 79 1041 1118 1127; baseline 0.003 -22"><span class='ocrx_word' id='word_1_51' title='bbox 79 1044 163 1106; x_wconf 85' lang='lat' dir='ltr'><strong>luisse</strong></span> <span class='ocrx_word' id='word_1_52' title='bbox 180 1051 312 1124; x_wconf 89' lang='lat' dir='ltr'><strong>oportet,</strong></span> <span class='ocrx_word' id='word_1_53' title='bbox 335 1063 421 1125; x_wconf 67' lang='lat' dir='ltr'><strong>pem</strong></span> <span class='ocrx_word' id='word_1_54' title='bbox 437 1041 556 1119; x_wconf 78' lang='lat' dir='ltr'><strong>(dicero,</strong></span> <span class='ocrx_word' id='word_1_55' title='bbox 580 1047 636 1106; x_wconf 89' lang='lat' dir='ltr'><strong>etsi</strong></span> <span class='ocrx_word' id='word_1_56' title='bbox 656 1061 715 1108; x_wconf 93' lang='lat' dir='ltr'><strong>uon</strong></span> <span class='ocrx_word' id='word_1_57' title='bbox 731 1045 816 1106; x_wconf 90' lang='lat' dir='ltr'><strong>nimis</strong></span> <span class='ocrx_word' id='word_1_58' title='bbox 837 1046 988 1127; x_wconf 87' lang='lat' dir='ltr'><strong>inquinate</strong></span> <span class='ocrx_word' id='word_1_59' title='bbox 1002 1045 1118 1108; x_wconf 90' lang='lat' dir='ltr'><strong>locutus</strong></span> 
     </span>
     <span class='ocr_line' id='line_1_8' title="bbox 80 1143 1118 1226; baseline 0.004 -22"><span class='ocrx_word' id='word_1_60' title='bbox 80 1145 124 1220; x_wconf 89' lang='lat' dir='ltr'><strong>sit,</strong></span> <span class='ocrx_word' id='word_1_61' title='bbox 143 1151 242 1206; x_wconf 87' lang='lat' dir='ltr'><strong>tamen</strong></span> <span class='ocrx_word' id='word_1_62' title='bbox 259 1144 417 1224; x_wconf 83' lang='lat' dir='ltr'><strong>diligenter</strong></span> <span class='ocrx_word' id='word_1_63' title='bbox 431 1143 572 1226; x_wconf 88' lang='lat' dir='ltr'><strong>loquendi</strong></span> <span class='ocrx_word' id='word_1_64' title='bbox 592 1143 681 1207; x_wconf 89' lang='lat' dir='ltr'><strong>lande</strong></span> <span class='ocrx_word' id='word_1_65' title='bbox 701 1145 833 1208; x_wconf 90' lang='lat' dir='ltr'><strong>caruisse</strong></span> <span class='ocrx_word' id='word_1_66' title='bbox 853 1145 940 1208; x_wconf 90' lang='lat' dir='ltr'><strong>dicat.</strong></span> <span class='ocrx_word' id='word_1_67' title='bbox 971 1143 1032 1208; x_wconf 92' lang='lat' dir='ltr'><strong>lam</strong></span> <span class='ocrx_word' id='word_1_68' title='bbox 1046 1163 1118 1209; x_wconf 81' lang='lat' dir='ltr'><strong>vero</strong></span> 
     </span>
     <span class='ocr_line' id='line_1_9' title="bbox 80 1245 1119 1328; baseline 0.005 -23"><span class='ocrx_word' id='word_1_69' title='bbox 80 1263 158 1308; x_wconf 89' lang='lat' dir='ltr'><strong>annes</strong></span> <span class='ocrx_word' id='word_1_70' title='bbox 177 1245 357 1309; x_wconf 80' lang='lat' dir='ltr'><strong>Graecorum</strong></span> <span class='ocrx_word' id='word_1_71' title='bbox 372 1245 466 1308; x_wconf 90' lang='lat' dir='ltr'><strong>literis</strong></span> <span class='ocrx_word' id='word_1_72' title='bbox 487 1253 516 1308; x_wconf 90' lang='lat' dir='ltr'><strong>et</strong></span> <span class='ocrx_word' id='word_1_73' title='bbox 533 1245 682 1308; x_wconf 89' lang='lat' dir='ltr'><strong>auditione</strong></span> <span class='ocrx_word' id='word_1_74' title='bbox 703 1246 801 1308; x_wconf 90' lang='lat' dir='ltr'><strong>cultae</strong></span> <span class='ocrx_word' id='word_1_75' title='bbox 814 1248 964 1310; x_wconf 71' lang='lat' dir='ltr'><strong>honestius</strong></span> <span class='ocrx_word' id='word_1_76' title='bbox 980 1246 1119 1328; x_wconf 78' lang='lat' dir='ltr'><strong>quiddam</strong></span> 
     </span>
     <span class='ocr_line' id='line_1_10' title="bbox 21 1335 1118 1430; baseline 0.002 -22"><span class='ocrx_word' id='word_1_77' title='bbox 21 1335 22 1340; x_wconf 62' lang='grc'>’</span> <span class='ocrx_word' id='word_1_78' title='bbox 80 1354 104 1408; x_wconf 90' lang='lat' dir='ltr'><strong>et</strong></span> <span class='ocrx_word' id='word_1_79' title='bbox 128 1347 301 1428; x_wconf 83' lang='lat' dir='ltr'><strong>exquisitius</strong></span> <span class='ocrx_word' id='word_1_80' title='bbox 334 1345 550 1410; x_wconf 88' lang='lat' dir='ltr'><strong>desiderabant.</strong></span> <span class='ocrx_word' id='word_1_81' title='bbox 593 1348 697 1429; x_wconf 89' lang='lat' dir='ltr'><strong>Itaque</strong></span> <span class='ocrx_word' id='word_1_82' title='bbox 728 1365 804 1410; x_wconf 90' lang='lat' dir='ltr'><strong>nunc</strong></span> <span class='ocrx_word' id='word_1_83' title='bbox 835 1349 959 1430; x_wconf 87' lang='lat' dir='ltr'><strong>primum</strong></span> <span class='ocrx_word' id='word_1_84' title='bbox 985 1347 1118 1412; x_wconf 88' lang='lat' dir='ltr'><strong>animad-</strong></span> 
     </span>
     <span class='ocr_line' id='line_1_11' title="bbox 78 1447 1118 1531; baseline 0.002 -21"><span class='ocrx_word' id='word_1_85' title='bbox 78 1465 185 1510; x_wconf 82' lang='lat' dir='ltr'><strong>sermm</strong></span> <span class='ocrx_word' id='word_1_86' title='bbox 207 1455 252 1510; x_wconf 89' lang='lat' dir='ltr'><strong>est</strong></span> <span class='ocrx_word' id='word_1_87' title='bbox 282 1447 438 1512; x_wconf 88' lang='lat' dir='ltr'><strong>discrimen</strong></span> <span class='ocrx_word' id='word_1_88' title='bbox 465 1449 606 1512; x_wconf 86' lang='lat' dir='ltr'><strong>sermonis</strong></span> <span class='ocrx_word' id='word_1_89' title='bbox 635 1447 780 1512; x_wconf 89' lang='lat' dir='ltr'><strong>emendati</strong></span> <span class='ocrx_word' id='word_1_90' title='bbox 807 1456 836 1512; x_wconf 89' lang='lat' dir='ltr'><strong>et</strong></span> <span class='ocrx_word' id='word_1_91' title='bbox 855 1451 970 1524; x_wconf 76' lang='lat' dir='ltr'><strong>vitiosi,</strong></span> <span class='ocrx_word' id='word_1_92' title='bbox 998 1450 1067 1531; x_wconf 89' lang='lat' dir='ltr'><strong>puri</strong></span> <span class='ocrx_word' id='word_1_93' title='bbox 1090 1456 1118 1512; x_wconf 89' lang='lat' dir='ltr'><strong>et</strong></span> 
     </span>
     <span class='ocr_line' id='line_1_12' title="bbox 80 1547 1118 1626; baseline 0.003 -16"><span class='ocrx_word' id='word_1_94' title='bbox 80 1550 215 1612; x_wconf 84' lang='lat' dir='ltr'><strong>errario</strong></span> <span class='ocrx_word' id='word_1_95' title='bbox 237 1547 405 1614; x_wconf 77' lang='lat' dir='ltr'><strong>collusione</strong></span> <span class='ocrx_word' id='word_1_96' title='bbox 431 1551 529 1626; x_wconf 84' lang='lat' dir='ltr'><strong>minti,</strong></span> <span class='ocrx_word' id='word_1_97' title='bbox 559 1550 667 1612; x_wconf 87' lang='lat' dir='ltr'><strong>urbani</strong></span> <span class='ocrx_word' id='word_1_98' title='bbox 694 1557 723 1611; x_wconf 92' lang='lat' dir='ltr'><strong>et</strong></span> <span class='ocrx_word' id='word_1_99' title='bbox 747 1550 859 1613; x_wconf 87' lang='lat' dir='ltr'><strong>rustici.</strong></span> <span class='ocrx_word' id='word_1_100' title='bbox 901 1551 1044 1614; x_wconf 79' lang='lat' dir='ltr'><strong>obsoleta</strong></span> <span class='ocrx_word' id='word_1_101' title='bbox 1068 1568 1118 1613; x_wconf 90' lang='lat' dir='ltr'><strong>re-</strong></span> 
     </span>
     <span class='ocr_line' id='line_1_13' title="bbox 78 1651 1119 1733; baseline 0.002 -21"><span class='ocrx_word' id='word_1_102' title='bbox 78 1651 195 1727; x_wconf 85' lang='lat' dir='ltr'><strong>morari,</strong></span> <span class='ocrx_word' id='word_1_103' title='bbox 227 1651 322 1712; x_wconf 89' lang='lat' dir='ltr'><strong>miuus</strong></span> <span class='ocrx_word' id='word_1_104' title='bbox 353 1651 478 1714; x_wconf 80' lang='lat' dir='ltr'><strong>bonerto</strong></span> <span class='ocrx_word' id='word_1_105' title='bbox 505 1651 677 1714; x_wconf 90' lang='lat' dir='ltr'><strong>lectioribus</strong></span> <span class='ocrx_word' id='word_1_106' title='bbox 706 1651 827 1725; x_wconf 90' lang='lat' dir='ltr'><strong>mutari,</strong></span> <span class='ocrx_word' id='word_1_107' title='bbox 860 1653 1020 1733; x_wconf 82' lang='lat' dir='ltr'><strong>peregrina</strong></span> <span class='ocrx_word' id='word_1_108' title='bbox 1051 1651 1119 1714; x_wconf 91' lang='lat' dir='ltr'><strong>tolli</strong></span> 
     </span>
     <span class='ocr_line' id='line_1_14' title="bbox 78 1751 1118 1834; baseline 0.002 -22"><span class='ocrx_word' id='word_1_109' title='bbox 78 1759 245 1833; x_wconf 90' lang='lat' dir='ltr'><strong>coeperant,</strong></span> <span class='ocrx_word' id='word_1_110' title='bbox 272 1768 327 1814; x_wconf 89' lang='lat' dir='ltr'><strong>nee</strong></span> <span class='ocrx_word' id='word_1_111' title='bbox 354 1752 414 1814; x_wconf 91' lang='lat' dir='ltr'><strong>iam</strong></span> <span class='ocrx_word' id='word_1_112' title='bbox 440 1753 471 1815; x_wconf 92' lang='lat' dir='ltr'><strong>iu</strong></span> <span class='ocrx_word' id='word_1_113' title='bbox 492 1753 606 1814; x_wconf 92' lang='lat' dir='ltr'><strong>bonore</strong></span> <span class='ocrx_word' id='word_1_114' title='bbox 631 1757 695 1814; x_wconf 87' lang='lat' dir='ltr'><strong>erat</strong></span> <span class='ocrx_word' id='word_1_115' title='bbox 721 1751 861 1834; x_wconf 91' lang='lat' dir='ltr'><strong>quiequid</strong></span> <span class='ocrx_word' id='word_1_116' title='bbox 887 1753 1010 1815; x_wconf 87' lang='lat' dir='ltr'><strong>latinum</strong></span> <span class='ocrx_word' id='word_1_117' title='bbox 1032 1759 1118 1828; x_wconf 84' lang='lat' dir='ltr'><strong>esset,</strong></span> 
     </span>
     <span class='ocr_line' id='line_1_15' title="bbox 78 1851 1117 1935; baseline 0.003 -22"><span class='ocrx_word' id='word_1_118' title='bbox 78 1853 122 1914; x_wconf 85' lang='lat' dir='ltr'><strong>sed</strong></span> <span class='ocrx_word' id='word_1_119' title='bbox 143 1852 224 1935; x_wconf 91' lang='lat' dir='ltr'><strong>quod</strong></span> <span class='ocrx_word' id='word_1_120' title='bbox 251 1851 406 1928; x_wconf 85' lang='lat' dir='ltr'><strong>iplatinis</strong></span> <span class='ocrx_word' id='word_1_121' title='bbox 434 1853 608 1934; x_wconf 90' lang='lat' dir='ltr'><strong>optimorum</strong></span> <span class='ocrx_word' id='word_1_122' title='bbox 634 1871 690 1915; x_wconf 91' lang='lat' dir='ltr'><strong>nsu</strong></span> <span class='ocrx_word' id='word_1_123' title='bbox 717 1860 746 1916; x_wconf 87' lang='lat' dir='ltr'><strong>et</strong></span> <span class='ocrx_word' id='word_1_124' title='bbox 771 1853 980 1916; x_wconf 88' lang='lat' dir='ltr'><strong>consuetudine</strong></span> <span class='ocrx_word' id='word_1_125' title='bbox 1005 1855 1117 1935; x_wconf 90' lang='lat' dir='ltr'><strong>proba·</strong></span> 
     </span>
     <span class='ocr_line' id='line_1_16' title="bbox 77 1953 1117 2034; baseline 0 -20"><span class='ocrx_word' id='word_1_126' title='bbox 77 1961 157 2016; x_wconf 89' lang='lat' dir='ltr'><strong>retur.</strong></span> <span class='ocrx_word' id='word_1_127' title='bbox 193 1954 269 2016; x_wconf 89' lang='lat' dir='ltr'><strong>ilinc</strong></span> <span class='ocrx_word' id='word_1_128' title='bbox 287 1954 375 2016; x_wconf 87' lang='lat' dir='ltr'><strong>etiam</strong></span> <span class='ocrx_word' id='word_1_129' title='bbox 396 1971 505 2034; x_wconf 86' lang='lat' dir='ltr'><strong>magna</strong></span> <span class='ocrx_word' id='word_1_130' title='bbox 525 1953 581 2016; x_wconf 90' lang='lat' dir='ltr'><strong>illa</strong></span> <span class='ocrx_word' id='word_1_131' title='bbox 598 1953 740 2015; x_wconf 89' lang='lat' dir='ltr'><strong>sermonis</strong></span> <span class='ocrx_word' id='word_1_132' title='bbox 755 1954 862 2016; x_wconf 90' lang='lat' dir='ltr'><strong>urbani</strong></span> <span class='ocrx_word' id='word_1_133' title='bbox 884 1961 912 2017; x_wconf 90' lang='lat' dir='ltr'><strong>et</strong></span> <span class='ocrx_word' id='word_1_134' title='bbox 926 1971 985 2016; x_wconf 90' lang='lat' dir='ltr'><strong>non</strong></span> <span class='ocrx_word' id='word_1_135' title='bbox 1001 1954 1117 2030; x_wconf 88' lang='lat' dir='ltr'><strong>urbani,</strong></span> 
     </span>
     <span class='ocr_line' id='line_1_17' title="bbox 75 2052 1118 2138; baseline 0.002 -24"><span class='ocrx_word' id='word_1_136' title='bbox 75 2055 130 2118; x_wconf 81' lang='lat' dir='ltr'><strong>sive</strong></span> <span class='ocrx_word' id='word_1_137' title='bbox 144 2055 337 2138; x_wconf 83' lang='lat' dir='ltr'><strong>peregrinam</strong></span> <span class='ocrx_word' id='word_1_138' title='bbox 353 2055 415 2119; x_wconf 84' lang='lat' dir='ltr'><strong>sire</strong></span> <span class='ocrx_word' id='word_1_139' title='bbox 430 2055 570 2118; x_wconf 88' lang='lat' dir='ltr'><strong>rusticum</strong></span> <span class='ocrx_word' id='word_1_140' title='bbox 587 2054 649 2117; x_wconf 85' lang='lat' dir='ltr'><strong>sire</strong></span> <span class='ocrx_word' id='word_1_141' title='bbox 664 2053 797 2116; x_wconf 88' lang='lat' dir='ltr'><strong>Italicum</strong></span> <span class='ocrx_word' id='word_1_142' title='bbox 813 2053 933 2128; x_wconf 77' lang='lat' dir='ltr'><strong>dixeris,</strong></span> <span class='ocrx_word' id='word_1_143' title='bbox 953 2052 1118 2116; x_wconf 77' lang='lat' dir='ltr'><strong>differentia</strong></span> 
     </span>
     <span class='ocr_line' id='line_1_18' title="bbox 74 2150 1117 2236; baseline -0.001 -18"><span class='ocrx_word' id='word_1_144' title='bbox 74 2159 207 2222; x_wconf 85' lang='lat' dir='ltr'><strong>manarit.</strong></span> <span class='ocrx_word' id='word_1_145' title='bbox 251 2155 298 2220; x_wconf 86' lang='lat' dir='ltr'><strong>Ea</strong></span> <span class='ocrx_word' id='word_1_146' title='bbox 323 2173 382 2218; x_wconf 91' lang='lat' dir='ltr'><strong>non</strong></span> <span class='ocrx_word' id='word_1_147' title='bbox 409 2162 469 2217; x_wconf 84' lang='lat' dir='ltr'><strong>tam</strong></span> <span class='ocrx_word' id='word_1_148' title='bbox 497 2155 528 2216; x_wconf 93' lang='lat' dir='ltr'><strong>in</strong></span> <span class='ocrx_word' id='word_1_149' title='bbox 548 2154 647 2218; x_wconf 79' lang='lat' dir='ltr'><strong>verbis</strong></span> <span class='ocrx_word' id='word_1_150' title='bbox 669 2150 842 2236; x_wconf 89' lang='lat' dir='ltr'><strong>quibusdam</strong></span> <span class='ocrx_word' id='word_1_151' title='bbox 870 2161 898 2216; x_wconf 88' lang='lat' dir='ltr'><strong>et</strong></span> <span class='ocrx_word' id='word_1_152' title='bbox 919 2153 1117 2218; x_wconf 85' lang='lat' dir='ltr'><strong>locutionibus</strong></span> 
     </span>
     <span class='ocr_line' id='line_1_19' title="bbox 75 2254 1119 2337; baseline 0.001 -20"><span class='ocrx_word' id='word_1_153' title='bbox 75 2259 261 2333; x_wconf 86' lang='lat' dir='ltr'><strong>cernebatur,</strong></span> <span class='ocrx_word' id='word_1_154' title='bbox 291 2274 368 2337; x_wconf 89' lang='lat' dir='ltr'><strong>quae</strong></span> <span class='ocrx_word' id='word_1_155' title='bbox 394 2263 479 2318; x_wconf 84' lang='lat' dir='ltr'><strong>extra</strong></span> <span class='ocrx_word' id='word_1_156' title='bbox 504 2255 607 2318; x_wconf 88' lang='lat' dir='ltr'><strong>urbem</strong></span> <span class='ocrx_word' id='word_1_157' title='bbox 628 2254 815 2320; x_wconf 86' lang='lat' dir='ltr'><strong>audirentur:</strong></span> <span class='ocrx_word' id='word_1_158' title='bbox 846 2271 883 2317; x_wconf 83' lang='lat' dir='ltr'><strong>aa</strong></span> <span class='ocrx_word' id='word_1_159' title='bbox 909 2257 984 2318; x_wconf 89' lang='lat' dir='ltr'><strong>enim</strong></span> <span class='ocrx_word' id='word_1_160' title='bbox 1011 2255 1119 2318; x_wconf 88' lang='lat' dir='ltr'><strong>mutari</strong></span> 
     </span>
     <span class='ocr_line' id='line_1_20' title="bbox 74 2353 1118 2438; baseline 0.002 -20"><span class='ocrx_word' id='word_1_161' title='bbox 74 2354 241 2438; x_wconf 83' lang='lat' dir='ltr'><strong>dediscique</strong></span> <span class='ocrx_word' id='word_1_162' title='bbox 262 2364 400 2438; x_wconf 89' lang='lat' dir='ltr'><strong>poterant</strong></span> <span class='ocrx_word' id='word_1_163' title='bbox 413 2353 480 2436; x_wconf 74' lang='lat'><strong>(⁶³);</strong></span> <span class='ocrx_word' id='word_1_164' title='bbox 502 2357 555 2419; x_wconf 89' lang='lat' dir='ltr'><strong>sed</strong></span> <span class='ocrx_word' id='word_1_165' title='bbox 575 2357 607 2418; x_wconf 93' lang='lat' dir='ltr'><strong>in</strong></span> <span class='ocrx_word' id='word_1_166' title='bbox 629 2374 682 2419; x_wconf 87' lang='lat' dir='ltr'><strong>ora</strong></span> <span class='ocrx_word' id='word_1_167' title='bbox 701 2355 835 2420; x_wconf 85' lang='lat' dir='ltr'><strong>Romano</strong></span> <span class='ocrx_word' id='word_1_168' title='bbox 855 2356 953 2418; x_wconf 88' lang='lat' dir='ltr'><strong>iuerat</strong></span> <span class='ocrx_word' id='word_1_169' title='bbox 973 2355 1118 2438; x_wconf 82' lang='lat' dir='ltr'><strong>quaedam</strong></span> 
     </span>
     <span class='ocr_line' id='line_1_21' title="bbox 75 2457 1118 2540; baseline 0 -20"><span class='ocrx_word' id='word_1_170' title='bbox 75 2457 177 2522; x_wconf 86' lang='lat' dir='ltr'><strong>cultior</strong></span> <span class='ocrx_word' id='word_1_171' title='bbox 200 2457 390 2540; x_wconf 77' lang='lat' dir='ltr'><strong>adloquendi</strong></span> <span class='ocrx_word' id='word_1_172' title='bbox 415 2467 444 2520; x_wconf 90' lang='lat' dir='ltr'><strong>ct</strong></span> <span class='ocrx_word' id='word_1_173' title='bbox 463 2457 673 2539; x_wconf 89' lang='lat' dir='ltr'><strong>pronuntiandi</strong></span> <span class='ocrx_word' id='word_1_174' title='bbox 692 2457 797 2521; x_wconf 87' lang='lat' dir='ltr'><strong>forma.</strong></span> <span class='ocrx_word' id='word_1_175' title='bbox 839 2457 915 2520; x_wconf 88' lang='lat' dir='ltr'><strong>Nam</strong></span> <span class='ocrx_word' id='word_1_176' title='bbox 941 2475 1001 2521; x_wconf 90' lang='lat' dir='ltr'><strong>non</strong></span> <span class='ocrx_word' id='word_1_177' title='bbox 1022 2457 1118 2522; x_wconf 85' lang='lat' dir='ltr'><strong>solunt</strong></span> 
     </span>
     <span class='ocr_line' id='line_1_22' title="bbox 74 2558 1119 2640; baseline 0 -20"><span class='ocrx_word' id='word_1_178' title='bbox 74 2561 135 2622; x_wconf 92' lang='lat' dir='ltr'><strong>soni</strong></span> <span class='ocrx_word' id='word_1_179' title='bbox 153 2559 353 2622; x_wconf 82' lang='lat' dir='ltr'><strong>efferebantur</strong></span> <span class='ocrx_word' id='word_1_180' title='bbox 376 2559 527 2635; x_wconf 86' lang='lat' dir='ltr'><strong>subtilius,</strong></span> <span class='ocrx_word' id='word_1_181' title='bbox 554 2567 586 2622; x_wconf 87' lang='lat' dir='ltr'><strong>ut</strong></span> <span class='ocrx_word' id='word_1_182' title='bbox 611 2577 665 2622; x_wconf 88' lang='lat' dir='ltr'><strong>nec</strong></span> <span class='ocrx_word' id='word_1_183' title='bbox 691 2558 794 2640; x_wconf 90' lang='lat' dir='ltr'><strong>putida</strong></span> <span class='ocrx_word' id='word_1_184' title='bbox 815 2558 942 2633; x_wconf 87' lang='lat' dir='ltr'><strong>quadam</strong></span> <span class='ocrx_word' id='word_1_185' title='bbox 963 2558 1119 2639; x_wconf 80' lang='lat' dir='ltr'><strong>diligentia</strong></span> 
     </span>
     <span class='ocr_line' id='line_1_23' title="bbox 73 2659 1118 2742; baseline 0 -22"><span class='ocrx_word' id='word_1_186' title='bbox 73 2676 122 2722; x_wconf 88' lang='lat' dir='ltr'><strong>uec</strong></span> <span class='ocrx_word' id='word_1_187' title='bbox 148 2661 264 2724; x_wconf 87' lang='lat' dir='ltr'><strong>rustica</strong></span> <span class='ocrx_word' id='word_1_188' title='bbox 291 2659 466 2723; x_wconf 86' lang='lat' dir='ltr'><strong>dilatatione</strong></span> <span class='ocrx_word' id='word_1_189' title='bbox 493 2661 626 2741; x_wconf 81' lang='lat' dir='ltr'><strong>corrupti</strong></span> <span class='ocrx_word' id='word_1_190' title='bbox 646 2659 831 2734; x_wconf 82' lang='lat' dir='ltr'><strong>riderentur3</strong></span> <span class='ocrx_word' id='word_1_191' title='bbox 859 2667 888 2722; x_wconf 90' lang='lat' dir='ltr'><strong>et</strong></span> <span class='ocrx_word' id='word_1_192' title='bbox 908 2667 973 2724; x_wconf 91' lang='lat' dir='ltr'><strong>erat</strong></span> <span class='ocrx_word' id='word_1_193' title='bbox 999 2659 1118 2742; x_wconf 90' lang='lat' dir='ltr'><strong>quidam</strong></span> 
     </span>
     <span class='ocr_line' id='line_1_24' title="bbox 72 2760 1117 2840; baseline -0.002 -16"><span class='ocrx_word' id='word_1_194' title='bbox 72 2761 229 2828; x_wconf 79' lang='lat' dir='ltr'><strong>verborum</strong></span> <span class='ocrx_word' id='word_1_195' title='bbox 250 2760 396 2837; x_wconf 88' lang='lat' dir='ltr'><strong>delectus,</strong></span> <span class='ocrx_word' id='word_1_196' title='bbox 425 2768 458 2823; x_wconf 92' lang='lat' dir='ltr'><strong>nt</strong></span> <span class='ocrx_word' id='word_1_197' title='bbox 485 2778 523 2822; x_wconf 85' lang='lat' dir='ltr'><strong>ex</strong></span> <span class='ocrx_word' id='word_1_198' title='bbox 542 2761 679 2840; x_wconf 89' lang='lat' dir='ltr'><strong>receptis·</strong></span> <span class='ocrx_word' id='word_1_199' title='bbox 694 2767 723 2832; x_wconf 88' lang='lat' dir='ltr'><strong>et</strong></span> <span class='ocrx_word' id='word_1_200' title='bbox 745 2761 942 2832; x_wconf 84' lang='lat' dir='ltr'><strong>communibus</strong></span> <span class='ocrx_word' id='word_1_201' title='bbox 964 2777 1001 2821; x_wconf 89' lang='lat' dir='ltr'><strong>ea</strong></span> <span class='ocrx_word' id='word_1_202' title='bbox 1022 2777 1117 2822; x_wconf 87' lang='lat' dir='ltr'><strong>onme-</strong></span> 
     </span>
     <span class='ocr_line' id='line_1_25' title="bbox 73 2858 1118 2942; baseline -0.005 -17"><span class='ocrx_word' id='word_1_203' title='bbox 73 2871 187 2938; x_wconf 87' lang='lat' dir='ltr'><strong>rentnr,</strong></span> <span class='ocrx_word' id='word_1_204' title='bbox 222 2879 299 2942; x_wconf 89' lang='lat' dir='ltr'><strong>qnae</strong></span> <span class='ocrx_word' id='word_1_205' title='bbox 326 2879 381 2924; x_wconf 87' lang='lat' dir='ltr'><strong>neo</strong></span> <span class='ocrx_word' id='word_1_206' title='bbox 405 2859 545 2940; x_wconf 78' lang='lat' dir='ltr'><strong>uulgaria</strong></span> <span class='ocrx_word' id='word_1_207' title='bbox 575 2866 671 2921; x_wconf 88' lang='lat' dir='ltr'><strong>essent</strong></span> <span class='ocrx_word' id='word_1_208' title='bbox 702 2866 731 2920; x_wconf 91' lang='lat' dir='ltr'><strong>et</strong></span> <span class='ocrx_word' id='word_1_209' title='bbox 756 2860 906 2934; x_wconf 71' lang='lat' dir='ltr'><strong>sententiis</strong></span> <span class='ocrx_word' id='word_1_210' title='bbox 935 2858 1118 2920; x_wconf 82' lang='lat' dir='ltr'><strong>enuntiandis</strong></span> 
     </span>
     <span class='ocr_line' id='line_1_26' title="bbox 73 2956 1119 3049; baseline -0.003 -26"><span class='ocrx_word' id='word_1_211' title='bbox 73 2961 375 3026; x_wconf 84' lang='lat' dir='ltr'><strong>accommodatissima</strong></span> <span class='ocrx_word' id='word_1_212' title='bbox 394 2956 460 3040; x_wconf 80' lang='lat'><strong>(⁶⁶).</strong></span> <span class='ocrx_word' id='word_1_213' title='bbox 502 2959 541 3022; x_wconf 83' lang='lat' dir='ltr'><strong>Et</strong></span> <span class='ocrx_word' id='word_1_214' title='bbox 558 2960 623 3049; x_wconf 42' lang='lat' dir='ltr'><strong>,boc</strong></span> <span class='ocrx_word' id='word_1_215' title='bbox 653 2957 820 3020; x_wconf 84' lang='lat' dir='ltr'><strong>urbanitate</strong></span> <span class='ocrx_word' id='word_1_216' title='bbox 849 2958 998 3020; x_wconf 84' lang='lat' dir='ltr'><strong>Romanos</strong></span> <span class='ocrx_word' id='word_1_217' title='bbox 1031 2959 1119 3020; x_wconf 89' lang='lat' dir='ltr'><strong>etiam</strong></span> 
     </span>
     <span class='ocr_line' id='line_1_27' title="bbox 73 3055 1118 3141; baseline -0.002 -16"><span class='ocrx_word' id='word_1_218' title='bbox 73 3065 163 3126; x_wconf 85' lang='lat' dir='ltr'><strong>uiuus</strong></span> <span class='ocrx_word' id='word_1_219' title='bbox 176 3063 314 3124; x_wconf 88' lang='lat' dir='ltr'><strong>literatos</strong></span> <span class='ocrx_word' id='word_1_220' title='bbox 331 3061 463 3141; x_wconf 72' lang='lat' dir='ltr'><strong>quantum</strong></span> <span class='ocrx_word' id='word_1_221' title='bbox 479 3057 654 3120; x_wconf 89' lang='lat' dir='ltr'><strong>doctissimis</strong></span> <span class='ocrx_word' id='word_1_222' title='bbox 672 3055 896 3138; x_wconf 82' lang='lat' dir='ltr'><strong>prouincialium</strong></span> <span class='ocrx_word' id='word_1_223' title='bbox 911 3058 1118 3122; x_wconf 85' lang='lat' dir='ltr'><strong>ctltaliccrum</strong></span> 
     </span>
     <span class='ocr_line' id='line_1_28' title="bbox 72 3158 1118 3245; baseline -0.008 -16"><span class='ocrx_word' id='word_1_224' title='bbox 72 3163 256 3245; x_wconf 76' lang='lat' dir='ltr'><strong>praestitisse</strong></span> <span class='ocrx_word' id='word_1_225' title='bbox 276 3179 335 3224; x_wconf 90' lang='lat' dir='ltr'><strong>non</strong></span> <span class='ocrx_word' id='word_1_226' title='bbox 351 3160 530 3224; x_wconf 88' lang='lat' dir='ltr'><strong>mirabimur.</strong></span> <span class='ocrx_word' id='word_1_227' title='bbox 563 3160 682 3222; x_wconf 86' lang='lat' dir='ltr'><strong>Omnem</strong></span> <span class='ocrx_word' id='word_1_228' title='bbox 704 3159 847 3220; x_wconf 89' lang='lat' dir='ltr'><strong>sermonis</strong></span> <span class='ocrx_word' id='word_1_229' title='bbox 862 3158 949 3220; x_wconf 89' lang='lat' dir='ltr'><strong>latini</strong></span> <span class='ocrx_word' id='word_1_230' title='bbox 963 3159 1118 3222; x_wconf 90' lang='lat' dir='ltr'><strong>dictionem</strong></span> 
     </span>
     <span class='ocr_line' id='line_1_29' title="bbox 72 3257 1175 3344; baseline 0 -20"><span class='ocrx_word' id='word_1_231' title='bbox 72 3265 107 3326; x_wconf 92' lang='lat' dir='ltr'><strong>ad</strong></span> <span class='ocrx_word' id='word_1_232' title='bbox 137 3261 305 3344; x_wconf 86' lang='lat' dir='ltr'><strong>exemplum</strong></span> <span class='ocrx_word' id='word_1_233' title='bbox 331 3261 510 3328; x_wconf 81' lang='lat' dir='ltr'><strong>Graecorum</strong></span> <span class='ocrx_word' id='word_1_234' title='bbox 538 3261 648 3341; x_wconf 92' lang='lat' dir='ltr'><strong>primns</strong></span> <span class='ocrx_word' id='word_1_235' title='bbox 676 3265 741 3320; x_wconf 91' lang='lat' dir='ltr'><strong>arte</strong></span> <span class='ocrx_word' id='word_1_236' title='bbox 768 3260 907 3324; x_wconf 73' lang='lat' dir='ltr'><strong>mactamt</strong></span> <span class='ocrx_word' id='word_1_237' title='bbox 933 3257 967 3326; x_wconf 81' lang='lat' dir='ltr'><strong>G·</strong></span> <span class='ocrx_word' id='word_1_238' title='bbox 991 3260 1118 3336; x_wconf 77' lang='lat' dir='ltr'><strong>Gaesar3</strong></span> <span class='ocrx_word' id='word_1_239' title='bbox 1172 3271 1175 3278; x_wconf 89' lang='lat'>&#39;</span> 
     </span>
     <span class='ocr_line' id='line_1_30' title="bbox 72 3359 1117 3445; baseline 0 -19"><span class='ocrx_word' id='word_1_240' title='bbox 72 3365 121 3427; x_wconf 92' lang='lat' dir='ltr'><strong>sed</strong></span> <span class='ocrx_word' id='word_1_241' title='bbox 133 3365 237 3444; x_wconf 67' lang='lat' dir='ltr'><strong>&#39;longe</strong></span> <span class='ocrx_word' id='word_1_242' title='bbox 257 3363 346 3445; x_wconf 88' lang='lat' dir='ltr'><strong>plura</strong></span> <span class='ocrx_word' id='word_1_243' title='bbox 366 3365 398 3426; x_wconf 92' lang='lat' dir='ltr'><strong>in</strong></span> <span class='ocrx_word' id='word_1_244' title='bbox 418 3365 475 3426; x_wconf 91' lang='lat' dir='ltr'><strong>boc</strong></span> <span class='ocrx_word' id='word_1_245' title='bbox 498 3378 609 3442; x_wconf 81' lang='lat' dir='ltr'><strong>genere</strong></span> <span class='ocrx_word' id='word_1_246' title='bbox 631 3359 773 3423; x_wconf 87' lang='lat' dir='ltr'><strong>debentur</strong></span> <span class='ocrx_word' id='word_1_247' title='bbox 789 3360 833 3426; x_wconf 85' lang='grc' dir='ltr'><strong>Μ.</strong></span> <span class='ocrx_word' id='word_1_248' title='bbox 851 3360 953 3424; x_wconf 85' lang='lat' dir='ltr'><strong>Tullio</strong></span> <span class='ocrx_word' id='word_1_249' title='bbox 969 3360 1117 3427; x_wconf 77' lang='lat' dir='ltr'><strong>Ciceroni.</strong></span> 
     </span>
     <span class='ocr_line' id='line_1_31' title="bbox 72 3460 1119 3544; baseline -0.002 -18"><span class='ocrx_word' id='word_1_250' title='bbox 72 3463 100 3526; x_wconf 89' lang='lat' dir='ltr'><strong>ls</strong></span> <span class='ocrx_word' id='word_1_251' title='bbox 127 3472 224 3528; x_wconf 89' lang='lat' dir='ltr'><strong>artem</strong></span> <span class='ocrx_word' id='word_1_252' title='bbox 249 3465 470 3544; x_wconf 82' lang='lat' dir='ltr'><strong>grammaticam</strong></span> <span class='ocrx_word' id='word_1_253' title='bbox 494 3463 581 3526; x_wconf 89' lang='lat' dir='ltr'><strong>libris</strong></span> <span class='ocrx_word' id='word_1_254' title='bbox 608 3460 726 3542; x_wconf 90' lang='lat' dir='ltr'><strong>quidem</strong></span> <span class='ocrx_word' id='word_1_255' title='bbox 751 3479 811 3524; x_wconf 92' lang='lat' dir='ltr'><strong>non</strong></span> <span class='ocrx_word' id='word_1_256' title='bbox 836 3465 988 3538; x_wconf 74' lang='lat' dir='ltr'><strong>macmrit,</strong></span> <span class='ocrx_word' id='word_1_257' title='bbox 1015 3463 1068 3525; x_wconf 89' lang='lat' dir='ltr'><strong>sed</strong></span> <span class='ocrx_word' id='word_1_258' title='bbox 1090 3469 1119 3524; x_wconf 92' lang='lat' dir='ltr'><strong>et</strong></span> 
     </span>
     <span class='ocr_line' id='line_1_32' title="bbox 72 3561 1119 3646; baseline -0.004 -16"><span class='ocrx_word' id='word_1_259' title='bbox 72 3567 170 3630; x_wconf 76' lang='lat' dir='ltr'><strong>verbis</strong></span> <span class='ocrx_word' id='word_1_260' title='bbox 193 3565 314 3630; x_wconf 84' lang='lat' dir='ltr'><strong>Graccis</strong></span> <span class='ocrx_word' id='word_1_261' title='bbox 340 3566 432 3628; x_wconf 90' lang='lat' dir='ltr'><strong>latine</strong></span> <span class='ocrx_word' id='word_1_262' title='bbox 457 3564 606 3628; x_wconf 80' lang='lat' dir='ltr'><strong>conuersis</strong></span> <span class='ocrx_word' id='word_1_263' title='bbox 634 3569 663 3623; x_wconf 88' lang='lat' dir='ltr'><strong>et</strong></span> <span class='ocrx_word' id='word_1_264' title='bbox 684 3561 891 3642; x_wconf 85' lang='lat' dir='ltr'><strong>componendis</strong></span> <span class='ocrx_word' id='word_1_265' title='bbox 910 3562 1119 3646; x_wconf 60' lang='lat' dir='ltr'><strong>flectenfflque</strong></span> 
     </span>
     <span class='ocr_line' id='line_1_33' title="bbox 74 3661 1118 3748; baseline -0.002 -20"><span class='ocrx_word' id='word_1_266' title='bbox 74 3673 208 3731; x_wconf 84' lang='lat' dir='ltr'><strong>aratore</strong></span> <span class='ocrx_word' id='word_1_267' title='bbox 229 3667 321 3748; x_wconf 90' lang='lat' dir='ltr'><strong>stirpe</strong></span> <span class='ocrx_word' id='word_1_268' title='bbox 341 3667 440 3742; x_wconf 79' lang='lat' dir='ltr'><strong>novis,</strong></span> <span class='ocrx_word' id='word_1_269' title='bbox 463 3681 630 3748; x_wconf 90' lang='lat' dir='ltr'><strong>quanquam</strong></span> <span class='ocrx_word' id='word_1_270' title='bbox 647 3679 770 3738; x_wconf 89' lang='lat' dir='ltr'><strong>summa,</strong></span> <span class='ocrx_word' id='word_1_271' title='bbox 792 3679 830 3724; x_wconf 90' lang='lat' dir='ltr'><strong>ue</strong></span> <span class='ocrx_word' id='word_1_272' title='bbox 849 3661 1023 3742; x_wconf 81' lang='lat' dir='ltr'><strong>offenderet,</strong></span> <span class='ocrx_word' id='word_1_273' title='bbox 1045 3683 1118 3728; x_wconf 87' lang='lat' dir='ltr'><strong>cura</strong></span> 
     </span>
     <span class='ocr_line' id='line_1_34' title="bbox 72 3763 1117 3849; baseline -0.002 -21"><span class='ocrx_word' id='word_1_274' title='bbox 72 3766 363 3830; x_wconf 83' lang='lat' dir='ltr'><strong>habita-sermonem</strong></span> <span class='ocrx_word' id='word_1_275' title='bbox 390 3767 515 3829; x_wconf 89' lang='lat' dir='ltr'><strong>latinum</strong></span> <span class='ocrx_word' id='word_1_276' title='bbox 539 3764 696 3844; x_wconf 78' lang='lat' dir='ltr'><strong>insigniter</strong></span> <span class='ocrx_word' id='word_1_277' title='bbox 723 3763 826 3828; x_wconf 79' lang='lat' dir='ltr'><strong>ditarit</strong></span> <span class='ocrx_word' id='word_1_278' title='bbox 853 3771 882 3826; x_wconf 89' lang='lat' dir='ltr'><strong>et</strong></span> <span class='ocrx_word' id='word_1_279' title='bbox 910 3767 1027 3849; x_wconf 87' lang='lat' dir='ltr'><strong>scriptis</strong></span> <span class='ocrx_word' id='word_1_280' title='bbox 1056 3766 1117 3828; x_wconf 88' lang='lat' dir='ltr'><strong>suis</strong></span> 
     </span>
     <span class='ocr_line' id='line_1_35' title="bbox 73 3863 1118 3948; baseline 0 -20"><span class='ocrx_word' id='word_1_281' title='bbox 73 3867 190 3948; x_wconf 91' lang='lat' dir='ltr'><strong>copiam</strong></span> <span class='ocrx_word' id='word_1_282' title='bbox 221 3877 250 3930; x_wconf 89' lang='lat' dir='ltr'><strong>et</strong></span> <span class='ocrx_word' id='word_1_283' title='bbox 280 3869 443 3932; x_wconf 85' lang='lat' dir='ltr'><strong>ubertatem</strong></span> <span class='ocrx_word' id='word_1_284' title='bbox 473 3867 596 3947; x_wconf 77' lang='lat' dir='ltr'><strong>linquae</strong></span> <span class='ocrx_word' id='word_1_285' title='bbox 627 3863 753 3941; x_wconf 88' lang='lat' dir='ltr'><strong>ostendit</strong></span> <span class='ocrx_word' id='word_1_286' title='bbox 785 3871 814 3926; x_wconf 90' lang='lat' dir='ltr'><strong>et</strong></span> <span class='ocrx_word' id='word_1_287' title='bbox 844 3868 1055 3948; x_wconf 89' lang='lat' dir='ltr'><strong>compositione</strong></span> <span class='ocrx_word' id='word_1_288' title='bbox 1088 3871 1118 3928; x_wconf 89' lang='lat' dir='ltr'><strong>ot</strong></span> 
     </span>
    </p>
   </div>
   <div class='ocr_carea' id='block_1_3' title="bbox 74 4087 1116 4251">
    <p class='ocr_par' dir='ltr' id='par_1_3' title="bbox 74 4087 1116 4251">
     <span class='ocr_line' id='line_1_36' title="bbox 143 4087 1116 4168; baseline -0.003 -17"><span class='ocrx_word' id='word_1_289' title='bbox 143 4096 192 4165; x_wconf 82' lang='lat' dir='ltr'><strong>dt)</strong></span> <span class='ocrx_word' id='word_1_290' title='bbox 209 4098 264 4156; x_wconf 82' lang='lat' dir='ltr'><strong>(lic.</strong></span> <span class='ocrx_word' id='word_1_291' title='bbox 274 4097 355 4156; x_wconf 90' lang='lat' dir='ltr'><strong>Brut.</strong></span> <span class='ocrx_word' id='word_1_292' title='bbox 366 4099 408 4168; x_wconf 83' lang='lat' dir='ltr'><strong>tt,</strong></span> <span class='ocrx_word' id='word_1_293' title='bbox 418 4100 477 4155; x_wconf 75' lang='lat'><strong>258.</strong></span> <span class='ocrx_word' id='word_1_294' title='bbox 553 4097 598 4166; x_wconf 85' lang='grc'><strong>65)</strong></span> <span class='ocrx_word' id='word_1_295' title='bbox 618 4097 674 4154; x_wconf 79' lang='lat' dir='ltr'><strong>Cic.</strong></span> <span class='ocrx_word' id='word_1_296' title='bbox 684 4095 765 4150; x_wconf 88' lang='lat' dir='ltr'><strong>Brut.</strong></span> <span class='ocrx_word' id='word_1_297' title='bbox 774 4092 816 4162; x_wconf 82' lang='grc'><strong>46,</strong></span> <span class='ocrx_word' id='word_1_298' title='bbox 825 4093 884 4149; x_wconf 86' lang='lat'><strong>171.</strong></span> <span class='ocrx_word' id='word_1_299' title='bbox 961 4091 1007 4163; x_wconf 86' lang='grc'><strong>66)</strong></span> <span class='ocrx_word' id='word_1_300' title='bbox 1022 4087 1116 4148; x_wconf 82' lang='lat' dir='ltr'><strong>battus</strong></span> 
     </span>
     <span class='ocr_line' id='line_1_37' title="bbox 74 4179 751 4251; baseline 0.001 -16"><span class='ocrx_word' id='word_1_301' title='bbox 74 4179 211 4249; x_wconf 78' lang='lat' dir='ltr'><strong>Cicerone</strong></span> <span class='ocrx_word' id='word_1_302' title='bbox 226 4183 265 4240; x_wconf 89' lang='lat' dir='ltr'><strong>ita</strong></span> <span class='ocrx_word' id='word_1_303' title='bbox 281 4181 379 4243; x_wconf 81' lang='lat' dir='ltr'><strong>definit</strong></span> <span class='ocrx_word' id='word_1_304' title='bbox 393 4184 578 4248; x_wconf 69' lang='lat' dir='ltr'><strong>Quintilianus</strong></span> <span class='ocrx_word' id='word_1_305' title='bbox 595 4179 643 4240; x_wconf 89' lang='lat' dir='ltr'><strong>Vl.</strong></span> <span class='ocrx_word' id='word_1_306' title='bbox 661 4181 693 4251; x_wconf 82' lang='grc'><strong>3,</strong></span> <span class='ocrx_word' id='word_1_307' title='bbox 712 4180 751 4236; x_wconf 88' lang='grc'><strong>17.</strong></span> 
     </span>
    </p>
   </div>
   <div class='ocr_carea' id='block_1_4' title="bbox 0 0 1334 4776">
    <p class='ocr_par' dir='ltr' id='par_1_4' title="bbox 0 0 1334 4776">
     <span class='ocr_line' id='line_1_38' title="bbox 0 0 1334 4776; baseline 0 2"><span class='ocrx_word' id='word_1_308' title='bbox 0 0 1334 4776; x_wconf 95' lang='lat' dir='ltr'><strong> </strong></span> 
     </span>
    </p>
   </div>
  </div>
 </body>
</html>
