2676 4774
274 437 340 512 40
431 433 581 504 uuuvts
603 433 903 518 unooueuuthb
924 431 1028 504 Rssbl.
1049 432 1159 504 urst.

274 609 360 672 abire
385 607 496 686 robob,
524 608 618 673 donoo
645 627 668 672 a
689 609 815 672 tribunis
838 609 871 672 in
897 625 1047 674 aarum
1069 605 1175 670 duetus
1194 615 1239 672 est
1255 606 1314 690 (⁷⁸).

272 713 381 776 lterum
406 711 511 773 eonsul
535 709 673 773 suleotus
700 719 745 773 est
768 711 805 773 L.
826 709 932 774 (lessio
960 727 988 771 a
1010 709 1074 772 648
1099 710 1131 772 ἰιι
1157 709 1270 790 praelio
1296 731 1314 772 a

273 811 427 892 Tigurinis
444 812 553 875 oeoiso.
589 810 651 875 Sed
667 829 733 874 oum
749 810 905 874 deiecisset
921 810 956 873 P.
974 810 1114 874 Rutilium
1130 810 1239 874 linium
1255 831 1312 874 am·

272 913 351 976 bitus
367 931 437 976 reus
454 914 493 976 ab
506 931 542 976 eo
558 913 669 989 iaetus,
687 931 751 975 oum
768 913 986 987 absolveretur,
1004 913 1223 994 competitorem
1241 914 1312 975 eius-

271 1014 337 1078 dem
356 1016 485 1078 oriminis
502 1015 664 1096 postularit
678 1031 734 1076 neo
748 1015 882 1096 peruicit,
898 1021 932 1076 ut
947 1013 1150 1088 damnaretur,
1173 1015 1244 1094 quin
1260 1033 1312 1076 nou

269 1115 363 1180 dubia
381 1116 493 1180 iudieia
511 1115 548 1178 de
569 1116 658 1198 eulpa
679 1134 735 1178 sua
754 1114 867 1179 audiuit
881 1112 945 1196 (⁷⁹).
982 1117 1054 1179 Post
1074 1115 1213 1198 princeps
1232 1133 1312 1178 sena

269 1218 369 1280 toriae
394 1219 555 1280 sententiae
578 1219 611 1279 iu
631 1217 749 1280 summu
772 1217 862 1278 rebus
882 1223 1017 1280 versum
1039 1215 1176 1280 Gieeroui
1197 1215 1312 1280 miriboe

270 1317 430 1399 probatur,
451 1318 504 1398 qai
522 1318 597 1380 nihil
618 1335 654 1380 eo
672 1319 801 1380 sanetius
821 1319 944 1396 grauius
960 1318 1108 1398 antiquius
1129 1317 1312 1380 turraboit.

271 1417 326 1482 list
355 1419 431 1481 enim
457 1435 519 1480 mos
541 1418 693 1482 Ciceronis
713 1419 894 1499 optimatium
915 1419 1079 1500 pmndpes,
1099 1417 1324 1499 qualeaounque

270 1517 399 1594 luerint,
416 1527 539 1600 propter
556 1520 748 1582 constantiam
762 1520 794 1580 in
810 1536 903 1581 eausa
918 1520 1033 1582 seilicet
1047 1518 1194 1582 laudabili
1208 1519 1312 1582 tuenda

272 1620 428 1684 extollere.
470 1620 510 1683 Et
535 1639 607 1684 saue
634 1621 781 1696 Soaurus,
810 1621 858 1683 eui
884 1622 947 1684 rite
972 1620 1148 1699 longissima
1168 1619 1311 1699 obtigerit,

271 1720 420 1786 seditiosis
438 1722 571 1785 omnihus
586 1741 606 1784 a
622 1723 756 1788 Graooho
772 1721 841 1784 iude
857 1720 897 1784 ad
914 1722 950 1800 Q.
967 1719 1088 1785 Vanum
1103 1721 1312 1784 Sumoneuseu

269 1841 383 1884 ¹aunrrrra
397 1822 534 1886 firmitate
550 1825 658 1888 restitit
670 1817 741 1904 (⁸⁰);
763 1841 818 1886 nee
835 1823 914 1904 quod
931 1821 1088 1885 seditiosos
1106 1821 1214 1884 dixerit
1232 1821 1312 1886 Ciue-

269 1924 337 1986 roui
358 1923 472 1986 orimini
491 1923 558 1986 dari
577 1933 689 2006 potest:
713 1943 781 1986 uam
802 1932 870 2006 post
894 1924 1044 1987 Graoohos
1064 1940 1149 1984 nemo
1172 1923 1232 1984 nisi
1249 1941 1311 2004 pes·

269 2025 345 2087 sima
361 2026 481 2106 oupiens
497 2025 652 2108 popularis
668 2025 734 2088 luit
765 2026 804 2088 At
821 2025 982 2090 Sallustius
992 2020 1046 2104 (⁸¹)
1064 2023 1193 2099 fortasse
1209 2022 1243 2087 G·
1256 2025 1310 2086 Lu-

268 2126 368 2189 oilium
388 2128 511 2190 Satirae
537 2128 711 2208 scriptorem
732 2135 848 2189 seoutus
876 2127 986 2205 ingenii
1011 2127 1043 2188 in
1063 2126 1178 2189 Soauro
1201 2125 1310 2204 magai-

268 2226 398 2289 tudinem
429 2245 494 2290 eum
519 2245 558 2289 ea
589 2245 702 2289 morum
728 2226 854 2289 lallaeia
872 2227 1000 2290 innatam
1016 2227 1110 2289 luisse
1131 2225 1259 2302 iudicat,
1284 2233 1311 2287 ut

268 2327 385 2390 uirtutis
407 2325 593 2388 simulatione
613 2327 743 2408 pessima
760 2327 833 2390 uitia
852 2329 1015 2408 obtegeret
1049 2327 1140 2392 Gaius
1162 2329 1209 2390 rei
1227 2327 1309 2390 doou-

270 2434 369 2489 menta
396 2435 512 2488 exstant
535 2427 651 2492 minium
676 2429 799 2490 ineerta
841 2429 898 2492 llle
925 2430 1002 2492 enim
1021 2429 1140 2508 legatus
1161 2429 1193 2490 in
1213 2429 1309 2491 Airioa

268 2526 467 2590 Adherbalem
482 2527 521 2590 ab
538 2529 648 2591 aeerba
661 2546 733 2592 neoe
749 2547 809 2592 uon
827 2529 957 2594 defendit
972 2538 1001 2594 et
1018 2529 1180 2612 Calpurnio
1196 2531 1308 2592 Bestiae

269 2628 386 2691 ooosuli
417 2646 481 2690 eum
501 2628 645 2707 Iugurtha
668 2630 852 2710 uansmendi
877 2639 981 2694 auotor
1004 2631 1097 2694 luisse
1117 2629 1261 2706 creditum
1287 2637 1309 2691 et
1332 2629 1333 2714 i

267 2745 333 2792 ιιιιιι
353 2730 510 2808 rogatione
530 2729 669 2792 Massilia
688 2731 736 2793 illi
758 2733 790 2794 in
810 2732 950 2796 iuditium
970 2740 1163 2808 uocarentur,
1192 2748 1309 2813 quorum
1331 2755 1332 2774 ι

267 2831 406 2893 iustinetu
425 2829 569 2910 Iugurtha
594 2831 773 2896 uoluntatem
798 2835 903 2916 populi
927 2833 1054 2898 Romani
1075 2833 1225 2909 elusisset,
1251 2834 1309 2913 ipse

268 2949 327 3013 quo
355 2933 449 2994 miuus
477 2949 597 2995 oausam
621 2932 732 2996 dieeret
753 2932 856 3013 effugit
883 2952 918 2997 eo
941 2935 1082 3010 artifieio,
1108 2943 1141 2997 ut
1165 2935 1309 3016 quaesitor

266 3035 406 3115 ipse-eum
417 3034 811 3115 aliisapopuloorearetur.
839 3037 1003 3099 Avaritiam
1014 3037 1102 3099 etiam
1113 3035 1147 3100 G.
1159 3036 1306 3098 Mennim
1329 3075 1330 3078 ,

266 3135 375 3198 aoerbo
396 3134 528 3198 oouuioio
550 3134 650 3214 palam
672 3133 942 3217 exprobrarit(⁸2);
965 3156 1019 3200 nee
1042 3143 1141 3220 potest
1161 3137 1250 3200 aliter
1269 3137 1306 3198 in

264 3235 364 3314 telligi
393 3252 451 3315 quo
474 3232 562 3296 modo
586 3236 737 3314 ingentes,
766 3255 839 3318 quas
860 3238 923 3302 idio
943 3239 1081 3319 reliquit,
1109 3237 1228 3302 dividas
1253 3236 1306 3298 eol-

263 3335 382 3414 legerit.
415 3334 476 3398 Sed
497 3352 562 3396 oum
579 3337 721 3417 plurimos
738 3341 864 3402 omnium
881 3341 1014 3404 ordinum
1030 3339 1165 3402 iuimioos
1183 3340 1307 3409 haberet,

265 3437 297 3498 iu
318 3437 461 3498 ooutiruis
483 3434 679 3501 simultatibus
701 3442 861 3503 consenuit.
903 3443 1074 3506 luimioitias
1095 3440 1229 3502 exercuit
1251 3455 1306 3500 oum

260 3536 300 3602 (1.
320 3537 459 3602 Memmio
481 3539 682 3622 acerrimeque
702 3542 734 3604 in
755 3558 822 3606 eum
842 3541 951 3608 iudioio
973 3543 1097 3606 ambitus
1118 3542 1305 3604 testimonium

335 3747 381 3815 78)
401 3748 503 3802 Strabo
517 3747 551 3804 V.
564 3751 590 3806 8.
616 3753 703 3810 dmm.
717 3753 844 3812 Marcell.
854 3755 966 3813 xxvtl.
977 3756 1001 3811 3.
1024 3755 1187 3811 Plutarchus
1200 3757 1302 3816 Quaest.

265 3831 343 3888 Rom.
360 3849 387 3903 p.
405 3831 465 3887 otu.
490 3833 533 3890 ed
551 3833 662 3894 fluitem.
749 3841 795 3909 79)
820 3841 877 3897 Cic.
895 3841 974 3898 Brut.
993 3841 1045 3910 90,
1065 3841 1125 3898 nu
1156 3842 1192 3896 de
1210 3839 1262 3897 Dr.
1277 3837 1301 3892 11.

260 3917 312 3986 99,
332 3917 391 3972 980.
480 3917 526 3988 89)
555 3921 695 3980 Ciceronis
719 3926 821 3980 iuditia
842 3928 908 3982 vide
934 3925 989 3983 Off.
1009 3927 1028 3982 1.
1047 3927 1095 3992 22,
1111 3926 1156 3980 76.
1183 3923 1302 3993 39198.

259 4001 306 4060 01.
319 4001 381 4057 vd.
395 4003 474 4058 Max.
487 4003 520 4058 V.
537 4006 570 4073 Β,
589 4007 614 4062 4.
643 4009 678 4062 de
691 4007 742 4067 Or.
755 4011 777 4065 l.
795 4013 843 4080 49,
861 4012 919 4068 itit.
945 4030 972 4083 p.
989 4012 1085 4066 Sextio
1099 4011 1143 4078 17,
1157 4011 1204 4066 hu.
1234 4011 1302 4066 Brut·

261 4089 310 4156 99,
330 4089 385 4144 111.
471 4089 517 4156 81)
537 4089 680 4150 Sallustius
699 4095 726 4150 in
741 4095 870 4168 Iugurtha
888 4098 927 4152 15.
938 4098 982 4153 25.
997 4097 1040 4153 28.
1054 4098 1098 4153 29.
1110 4095 1153 4151 32.
1173 4097 1201 4150 ἰιι
1222 4093 1304 4168 primis

259 4191 286 4230 o.
301 4173 342 4228 to.
377 4173 402 4228 la
420 4191 455 4228 an
472 4175 571 4230 Cicero
590 4177 690 4234 rectius
707 4181 869 4238 iudicaverit
886 4201 921 4238 ex
938 4184 1019 4238 rebus
1037 4183 1104 4253 ipsis
1125 4185 1210 4254 gestis
1229 4187 1301 4252 patet.

262 4257 397 4314 Dissentit
412 4259 638 4318 Westermannus
653 4284 681 4338 p.
697 4266 739 4326 93.
821 4267 871 4337 89)
888 4269 946 4326 (lic.
965 4268 1002 4326 de
1016 4265 1069 4326 Or.
1087 4267 1120 4326 11.
1138 4268 1189 4336 to,
1207 4267 1268 4322 983.
