2646 4772
228 361 293 430 ΑΙ)
316 359 402 430 Clo.
424 361 626 430 BRUTUM
647 362 739 432 GAP.
762 363 813 432 la
831 365 880 434 13.
982 363 1076 436 m

48 533 111 599 tarit
127 533 276 598 Manutius
297 535 337 598 acl
357 533 420 600 (lic.
436 535 552 601 Dirers.
566 536 589 600 Ι.
603 540 650 613 9.;
671 537 710 600 oi.
731 536 846 601 llulrnl.
866 537 934 599 list.
952 535 1003 602 Gr.
1022 537 1076 602 Or.

49 635 92 699 Gr.
111 655 138 718 p.
151 635 329 712 LXXXIV.;
357 637 498 700 Pluuclius
527 637 566 700 ad
592 637 729 721 discipuli
756 645 835 702 certe
857 638 1017 714 fabricam,
1045 643 1077 702 ut

48 733 217 819 Buulardyi
231 737 331 803 verbis
346 745 428 816 utar,
448 740 554 802 refert:
572 737 609 803 de
625 739 716 803 lsoen
728 741 790 806 rita
806 747 835 802 et
851 739 967 821 scriptis
982 757 1012 821 p.
1024 743 1075 804 22.

120 875 185 950 qnia
212 877 295 952 quasi
322 874 513 952 comoritteret]
545 873 686 936 Ernestue
717 891 776 936 nou
803 873 953 937 intellecto
983 877 1076 952 quusi,

49 970 117 1050 quod
132 973 206 1036 nihil
223 981 268 1036 est
283 973 341 1035 uisi
356 973 478 1052 quodam
494 975 591 1047 modo,
611 974 754 1056 explicat:
776 977 858 1052 poesi
874 975 941 1054 quid
954 975 1075 1050 feciasct,

47 1091 89 1149 per
113 1075 185 1150 qood
209 1075 314 1150 olonis
341 1074 443 1134 mitae
470 1079 723 1135 circumvenimur.
773 1073 834 1138 Sed
859 1083 940 1138 recte
967 1073 1078 1138 iudicat

46 1173 174 1253 lllcyerus
196 1173 367 1239 Ciceronem
389 1173 469 1256 quoi
490 1173 630 1237 acciderit
654 1175 685 1236 in
708 1175 834 1240 Graecia
853 1175 922 1256 lege
943 1175 1078 1240 Romana

45 1273 200 1353 illustrare,
223 1277 298 1339 sieut
317 1277 437 1357 Lysiam
459 1263 478 1336 a
499 1274 621 1338 Timaeo
643 1275 729 1357 quasi
750 1275 819 1358 lege
839 1277 956 1340 Licinia
974 1277 1078 1341 Mucia

46 1375 199 1454 Syracusas
219 1377 315 1460 repeti
332 1377 402 1440 dicit
424 1395 449 1442 c.
469 1379 522 1453 lo,
540 1377 608 1452 oa.;
628 1377 681 1439 ubi
702 1377 782 1460 quod
802 1379 929 1460 scriptor
948 1361 1078 1442 Graecus

46 1476 153 1555 lecerit,
182 1479 252 1541 item
279 1477 349 1558 lege
376 1479 510 1543 Romana
538 1477 712 1560 explicatur.
755 1475 907 1543 Exstalat'
926 1481 1002 1542 euim
1028 1479 1079 1543 lex

46 1577 212 1660 Sempronia
230 1599 267 1640 oc
286 1585 349 1659 qais
370 1581 473 1640 inclinio
497 1583 750 1645 circumueniretur.
792 1581 892 1647 Verba
911 1581 1004 1660 igitur
1023 1579 1080 1644 illa

45 1685 173 1761 tanquam
192 1681 367 1763 principium
387 1681 464 1760 legis
483 1688 683 1762 apponuntur,
710 1683 796 1762 quasi
815 1683 884 1744 talis
899 1683 1002 1746 luerit:
1024 1703 1079 1762 pao

45 1785 99 1858 pata
117 1781 221 1842 iudicio
239 1785 453 1842 cinnamomino
469 1781 522 1843 tac.
567 1781 674 1844 Cetera
691 1789 787 1844 autem
808 1801 828 1843 a
844 1782 987 1845 Cicerone
1008 1800 1079 1843 nar·

44 1889 103 1944 rata
128 1891 193 1946 lota
220 1882 390 1945 auctoribus
417 1879 593 1944 ascribenda
618 1890 685 1945 suut
711 1883 801 1946 Attici
828 1880 918 1946 moris
947 1883 1078 1962 ignaris:

44 1999 91 2045 neo
118 1985 196 2046 enim
223 1984 341 2048 uetitum
371 1982 462 2044 fuisse
493 1983 624 2046 scribere
651 1984 800 2046 orationes
828 1983 896 2044 aliis
927 1983 976 2046 rel
1006 2001 1078 2045 unus

44 2083 211 2162 Quintiliani
237 2083 531 2159 locusll.15,30.
562 2083 755 2160 demonstrat,
782 2099 837 2146 uec
864 2102 987 2164 usquam
1014 2083 1079 2148 Iso-

43 2194 145 2250 cratem
165 2188 199 2250 in
218 2183 356 2249 indicium
376 2191 512 2250 uocatum
533 2201 599 2248 esse
619 2185 739 2264 legitur.

118 2320 211 2386 XIII(
242 2299 294 2385 49'.
335 2329 437 2398 portas
464 2329 548 2400 utque
571 2320 672 2398 fontes]
709 2319 843 2401 exemplo
870 2319 987 2402 quidem
1018 2321 1079 2386 alio

43 2421 192 2486 ostendere
218 2439 278 2484 nou
298 2439 417 2503 possum
442 2429 543 2500 portas
564 2420 657 2484 dictos
685 2420 721 2484 de
743 2421 896 2499 capannas
903 2445 913 2496 ;
942 2421 995 2484 secl
1021 2441 1080 2486 non

42 2524 121 2589 rideo
144 2543 197 2588 cnr
222 2523 258 2586 cle
280 2523 432 2604 aptissima
451 2522 645 2586 translatione
665 2524 731 2586 iure
751 2523 907 2588 dubitetur.
949 2523 1081 2588 Pluralis

41 2643 187 2701 numerus,
216 2625 267 2708 qui
292 2625 447 2706 Meyerum
472 2632 626 2706 tantopere
656 2623 791 2700 offendit,
820 2634 942 2708 propter
967 2626 1081 2705 siguifi-

42 2735 133 2790 catum
153 2727 311 2807 figuratum
331 2727 504 2789 nonninus
528 2727 696 2788 necessario
720 2726 829 2800 dictus,
852 2745 940 2805 quam
960 2728 991 2786 in
1013 2730 1082 2786 Oct-

40 2830 147 2904 pinibcc
174 2829 196 2890 i.
219 2844 245 2889 e.
267 2827 392 2888 historia
415 2825 634 2904 antiquissima,
661 2832 690 2884 et
710 2829 806 2883 lanitiis
826 2827 846 2884 i.
869 2843 895 2885 e.
919 2827 1015 2906 prima
1035 2826 1082 2888 in·

40 2931 205 3000 stitutioue3
233 2932 391 3006 praeterea
411 2924 564 3004 parilitate
583 2922 750 3004 postulatur
774 2909 897 3004 prepter
917 2923 1083 2988 adiunctum

38 3031 139 3104 tontes.
183 3026 245 3088 Nec
267 3017 510 3109 πρωθύστερον
531 3030 589 3097 est,
617 3021 654 3084 cle
676 3040 733 3102 quo
756 3040 821 3086 cum
841 3041 912 3086 uero
933 3032 993 3088 tum
1014 3043 1083 3108 spe-

39 3132 120 3194 cioso
144 3125 222 3208 apud
240 3124 412 3189 Ciceronem
431 3124 482 3204 egi
496 3123 596 3205 Expll.
615 3121 654 3185 ad
672 3122 707 3186 de
726 3124 777 3187 Or.
793 3124 817 3188 1.
833 3127 868 3200 3,
889 3126 937 3186 10.
981 3126 1083 3206 Sigui-

38 3231 163 3294 icautur
190 3227 266 3290 enim
293 3227 380 3288 initia
406 3226 479 3288 artis
507 3224 658 3288 oratoriae
687 3224 790 3306 mulia
815 3225 926 3288 fuerint
954 3233 983 3289 et
1008 3242 1083 3308 qnos

38 3333 135 3396 fontes
160 3329 325 3412 habuerint.
367 3328 476 3390 Parum
497 3325 662 3408 probabilis
684 3332 728 3387 eat
747 3325 933 3407 Bernhardyi
953 3328 1083 3409 suspicio

38 3443 140 3511 panaro
167 3429 341 3512 explicantis
368 3428 453 3509 quasi
477 3429 600 3506 prolem
628 3427 738 3508 quippe
766 3427 899 3491 aluums
922 3428 1085 3507 significari

40 3542 68 3596 et
95 3531 268 3615 discipulos.
310 3531 422 3593 Mirum
448 3531 525 3592 euim
555 3547 615 3592 nou
640 3529 773 3608 ipsorum
802 3536 966 3604 oratorum,
998 3529 1084 3610 quasi

40 3635 113 3697 artis
135 3640 304 3716 pareutum,
327 3630 379 3694 sed
399 3630 531 3692 familiae
553 3646 654 3692 eorum
675 3629 849 3692 mentionem
869 3628 943 3692 lieri.

124 3768 177 3832 50.
220 3771 283 3846 quis
309 3769 383 3825 enim
407 3773 458 3825 cot
479 3763 627 3840 Aspiciam]
658 3763 735 3826 huuc
760 3763 857 3828 locum
884 3765 1014 3826 imitatus
1041 3771 1086 3826 est

41 3869 173 3934 Velleius
194 3868 218 3930 l.
240 3869 288 3931 18.
317 3885 345 3930 a.
368 3865 482 3928 lluhul.
504 3883 534 3945 p.
554 3867 605 3927 77.
648 3864 694 3927 De
714 3864 920 3947 Epaminonda
942 3865 1084 3926 Thebano

42 3970 125 4032 testie
145 3968 245 4049 Nepos
272 3985 297 4030 c.
320 3967 349 4030 5.
394 3965 509 4048 Quippe
536 3973 685 4028 oratorem
710 3967 803 4027 luisse
829 3972 918 4046 puta,
948 3971 981 4024 ut
1007 3963 1086 4024 'lle-

44 4071 166 4144 banum,
196 4069 268 4131 satis
297 4067 497 4149 probabilem
532 4066 611 4146 quod
642 4067 680 4129 de
708 4047 769 4128 alio
800 4064 874 4126 dixit
901 4062 1086 4143 Thucydides

43 4171 92 4236 lV.
112 4172 170 4234 84:
203 4159 265 4234 οὐκ
293 4159 467 4245 ἀδύνατος,
496 4159 541 4244 ὡς
565 4159 850 4246 Λακεδαιμόνιοι,
880 4157 999 4270 circeio.
1041 4163 1087 4228 De
