2646 4772
230 409 335 487 280
629 347 890 478 ClCEllONlS

235 603 257 652 a
277 577 478 650 similitudine
505 576 649 648 Graecae
676 555 1065 648 locutionisabstraucrot
1086 576 1273 665 sonabatque

235 701 425 770 eontrarium
447 697 559 768 Catulo
581 699 768 786 subagreste
784 697 931 786 quiddam
951 695 1106 784 planeque
1128 695 1273 762 subrusti-

235 839 321 898 cum,
342 818 409 885 alia
425 817 549 904 quidem
567 821 659 906 quasi
669 857 671 862 ,
683 817 802 885 inculta
823 827 853 884 et
869 816 1007 883 silvestri
1020 817 1075 882 via
1091 814 1133 880 ad
1149 813 1273 880 eandem

233 936 360 1006 laudem
376 946 587 1024 peruenerat·
609 934 747 1003 Sisenna
765 945 882 1014 autern,
905 935 996 1022 quasi
1016 932 1198 1000 emendator
1213 951 1275 997 ser-

234 1059 337 1124 monis
367 1055 474 1121 usitati
503 1073 673 1122 comesse
704 1053 813 1133 uellet,
844 1073 885 1121 nc
919 1073 939 1120 a
967 1048 1002 1117 (1.
1028 1049 1127 1118 Rusio
1158 1049 1274 1136 quidem

237 1183 422 1242 accusatore
450 1172 602 1240 deterreri
628 1174 740 1260 potuit,
774 1191 835 1259 quo
863 1173 964 1238 minos
990 1171 1149 1235 inusitatis
1176 1167 1275 1235 uerbis

236 1302 383 1359 uteretur.
431 1289 504 1356 260.
538 1288 694 1370 Quidnam
723 1293 804 1357 istuc
836 1295 909 1356 esti
942 1291 1041 1375 inquit
1066 1285 1197 1353 Brutus:
1229 1295 1275 1352 aut

237 1411 309 1497 quis
327 1417 376 1475 est
397 1409 457 1474 istc
480 1399 514 1472 (1.
536 1405 672 1475 Rusiusi
713 1405 753 1475 llt
776 1407 848 1487 illa,
874 1404 945 1473 Fuit
966 1415 1149 1484 accusator,
1175 1406 1274 1491 inquit,

236 1536 340 1606 uetus,
363 1545 424 1612 quo
446 1536 614 1594 accusante
637 1523 672 1592 G.
689 1523 838 1594 Rutilium
856 1523 994 1592 Sisenna
1014 1523 1185 1592 detondens
1206 1521 1275 1589 dixit

236 1643 391 1731 quaedam
413 1645 482 1710 eius
503 1647 685 1727 sputotilicu
706 1665 778 1712 esse
799 1645 940 1711 crimina.

248 1786 252 1792 ·
299 1773 300 1778 ’
322 1757 453 1826 LXXV.
476 1759 557 1827 Tum
578 1759 613 1827 G.
630 1760 764 1841 Rosius,
790 1762 1041 1835 circumvenior,
1065 1760 1176 1845 inquit,
1197 1759 1276 1823 iudi-

237 1899 304 1956 ces,
332 1881 397 1946 uisi
426 1881 607 1946 subvenitis.
651 1879 788 1948 Sisenna
816 1881 892 1964 quid
920 1881 1003 1945 dieat
1030 1856 1150 1944 uesele:
1175 1885 1276 1940 metuo

237 1999 384 2064 iusidias.
428 1999 624 2080 sputotilicc,
648 1999 725 2082 quid
745 2007 790 2064 cst
805 1999 888 2063 loe?
927 2007 1021 2080 sputa
1042 1997 1120 2080 quid
1143 1996 1184 2060 sit
1205 1993 1275 2066 scio

237 2117 325 2183 tilica
350 2118 464 2181 macie.
512 2113 653 2181 Maxumi
675 2103 774 2181 meuse
808 2114 865 2180 sed
895 2104 956 2179 ille
982 2123 1087 2178 tamen
1116 2107 1277 2178 familiaris

237 2253 326 2300 meus
344 2241 431 2299 recte
451 2231 539 2318 loqui
559 2231 688 2320 putabat
709 2251 783 2300 esse
808 2233 954 2298 inusitata
975 2231 1072 2317 loqui.
1107 2229 1182 2296 261.
1204 2225 1277 2294 ilea-

302 2449 349 2492 26⁰.
375 2448 449 2505 dicut]
463 2452 534 2494 diens.
686 2477 702 2498 .
968 2509 971 2516 Ι

239 2613 337 2673 llrnnot
360 2636 388 2675 v.
411 2619 511 2690 explic.
533 2619 561 2674 in
583 2619 619 2673 de
636 2617 686 2676 Or.
705 2619 752 2677 lll.
770 2621 819 2686 52,
836 2619 896 2675 201.
919 2649 954 2658 -
981 2619 1046 2676 ulia
1066 2619 1200 2690 quidem]
1223 2618 1275 2672 ulta
1306 2629 1307 2714 t

239 2703 373 2775 quadam
399 2703 478 2760 Mon.
503 2701 601 2760 Lomb.
636 2703 702 2759 Non
727 2723 811 2776 opus:
840 2705 923 2759 modo
946 2705 986 2758 sic
1009 2705 1098 2760 verbo
1121 2718 1275 2776 compones:

235 2797 413 2862 pervenerat
432 2789 474 2844 ud
491 2787 616 2842 eundem
637 2789 757 2843 luudem
773 2790 822 2860 (ad
835 2805 919 2860 quarn
934 2788 1067 2856 (letoius),
1085 2781 1151 2844 aliu
1170 2789 1274 2860 quidem
1305 2749 1306 2830 l

237 2879 304 2940 aiu,
322 2879 412 2946 quusi
425 2874 555 2930 siluestri
571 2880 601 2928 ei
614 2874 737 2931 incultu.
752 2905 784 2916 -
802 2875 933 2930 siluestri
948 2876 1009 2943 uio]
1027 2873 1183 2930 silvestria
1199 2873 1244 2944 Lg.
1254 2871 1274 2925 8.
1304 2871 1305 2944 l

238 2959 282 3013 39.
308 2961 349 3014 51.
372 2961 415 3016 ild.
444 2957 514 3015 Ven.
535 2959 558 3014 l.
580 2986 616 3000 —-
652 2957 681 3012 G.
706 2959 814 3028 liu-tic]
840 2959 929 3030 Rufio
953 2959 996 3014 to.
1030 2959 1145 3014 Remoto
1173 2959 1240 3013 Veu.
1254 2955 1274 3010 i.
1303 2975 1304 3058 t

238 3043 354 3099 Rure-io
379 3044 429 3114 Lg.
445 3045 487 3101 51.
513 3042 636 3114 Rscepn.
656 3041 719 3100 Ald.
752 3045 823 3100 Hinc
848 3044 880 3100 0.
898 3044 1010 3101 Erucio
1029 3045 1109 3115 Pigh.
1129 3045 1167 3099 ad
1185 3063 1209 3102 o.
1225 3041 1274 3106 tlt,

240 3129 370 3186 sennem.
391 3130 456 3184 sm.
692 3159 694 3164 -
1057 3159 1060 3164 -

309 3215 368 3270 idi).
403 3215 491 3282 ictuc]
510 3213 591 3268 istud
607 3213 659 3285 Lg.
673 3211 771 3270 Scorr.
784 3211 874 3270 SS-
891 3215 1016 3283 Rueiue]
1031 3215 1169 3270 Rcccciue
1184 3215 1232 3286 Lg.
1242 3211 1274 3265 51.
1301 3201 1302 3288 l

238 3298 365 3370 RSteplr.
382 3299 444 3374 Ald.
470 3303 527 3352 iote
543 3307 607 3352 ante
621 3299 737 3354 liutius
754 3315 807 3354 om.
825 3299 877 3354 Gur.
893 3299 916 3356 l.
931 3331 967 3340 —
994 3299 1023 3354 0.
1040 3299 1204 3368 Rutilium]
1220 3299 1275 3351 hone

240 3383 285 3438 ed.
299 3401 340 3454 pr.
358 3384 518 3453 scripturam
531 3399 630 3450 servo,
651 3384 714 3452 quia
726 3385 754 3437 in
769 3383 839 3439 Ven.
851 3384 877 3440 2.
895 3385 980 3440 video
995 3385 1149 3440 credilium
1161 3386 1274 3456 scriptum

240 3485 319 3536 esse,
344 3468 417 3544 quod
433 3467 516 3522 ieeile
533 3485 569 3522 cx
588 3468 637 3521 illo
656 3470 792 3538 corrumpi
810 3470 914 3540 potuit,
940 3477 968 3523 et
985 3469 1059 3538 quod
1076 3470 1199 3524 iortosse
1216 3468 1273 3522 idem

240 3550 324 3605 luorno
349 3561 407 3619 est,
432 3569 493 3606 cum
518 3571 573 3623 quo
600 3561 627 3607 et
650 3549 789 3608 Scaevola
813 3561 841 3607 et
866 3553 965 3608 Cicero
991 3553 1164 3608 familiariter
1189 3548 1274 3608 versati

241 3643 318 3688 sunt:
344 3653 371 3689 v.
390 3653 413 3688 c.
431 3636 480 3702 to,
499 3636 557 3692 ltt.
594 3637 651 3691 Sed
673 3637 724 3710 Lg.
750 3655 846 3694 omnes
872 3648 983 3708 praeter
999 3637 1061 3704 39„
1086 3639 1152 3692 item
1174 3643 1240 3697 Ven.
1257 3635 1272 3686 l.

242 3713 299 3771 Oti.
320 3715 382 3770 Vnt.
404 3717 456 3771 (lu.
469 3717 527 3772 Li.
561 3719 733 3777 Chirtilium
744 3723 775 3792 (l.
793 3722 822 3778 0.
834 3721 1004 3790 Hirtilium)
1017 3723 1169 3793 praebent3
1185 3723 1232 3795 Lg.
1242 3720 1272 3774 tt.

244 3799 429 3870 Chyrtiiium.
448 3833 484 3844 -
508 3806 695 3878 epututiiica]
714 3807 885 3878 spututilttcc
902 3808 952 3879 Lg.
970 3807 994 3863 8.
1014 3807 1056 3862 51.
1087 3809 1274 3879 eptitatiliiiea

240 3885 302 3940 cod.
327 3889 421 3942 nescio
446 3889 492 3959 qui
511 3889 633 3945 'l'ornelri
650 3891 721 3947 Adv.
740 3891 815 3946 XIV.
832 3893 889 3958 ῃ,
915 3892 986 3963 quod
1008 3893 1113 3945 clarum
1131 3909 1171 3946 ex
1190 3891 1272 3946 duabus

229 3972 380 4042 ¹scripturis
390 3973 526 4044 prioribus
536 3975 683 4029 condatum
693 3993 808 4033 esse.-
826 3979 964 4032 crimina.
992 3975 1077 4045 Tum]
1094 3981 1272 4033 mimecaton

243 4057 285 4112 ed.
305 4073 346 4127 pr.
372 4056 424 4130 Lg.
440 4058 466 4115 8.
485 4059 527 4114 39.
545 4059 587 4115 56.
616 4059 669 4115 Gn.
690 4060 712 4113 l.
811 4079 813 4084 ·

310 4140 425 4195 LXXV.
460 4143 584 4212 Ruoitcs]
608 4143 739 4201 Rectum
765 4145 816 4216 Lg.
834 4145 859 4200 S.
878 4145 920 4201 39.
939 4146 981 4200 dd.
1011 4143 1062 4200 Gn.
1083 4145 1107 4199 1.
1136 4145 1182 4200 ed.
1199 4162 1235 4215 pr.
1248 4167 1272 4180 -

157 4238 161 4245 ·
245 4225 339 4294 dicat]
363 4226 403 4282 sic
421 4225 485 4284 Ero.
510 4229 609 4286 suadet
630 4238 746 4304 propter
762 4231 916 4288 orationem
938 4229 974 4284 ad
989 4229 1094 4285 iudices
1111 4241 1271 4287 conversanti
