2646 4772
246 425 344 496 020
562 413 977 488 EXPLlCATIONES.

334 589 429 668 Cato,
449 607 520 656 cum
540 589 759 676 longissimam
775 591 872 657 uitam
887 588 1044 666 babuerit,
1067 597 1099 655 et
1115 607 1185 655 cum
1201 607 1291 674 gran-

250 694 391 764 dioribus
421 704 498 762 natu
520 696 597 762 uixit
624 691 659 760 C.
683 691 839 761 Flaminio
866 693 905 774 Q.
927 692 1068 761 Maximo
1097 691 1133 760 C.
1156 692 1290 760 Varrone

250 799 289 882 Q.
317 798 449 868 Metello
480 797 516 865 P.
538 796 672 866 Lentulo
703 796 738 863 Ρ.
761 795 881 867 Crasso
911 797 945 864 P.
967 796 1117 886 Scipione
1143 787 1293 864 Africano

251 901 378 974 Maiore
400 907 531 991 eiusque
550 903 634 982 ilio,
656 913 687 970 et
707 923 777 970 cum
799 903 971 971 minoribus
991 901 1026 968 C.
1043 899 1186 991 Sulpicio
1205 901 1293 968 Gallo

253 1007 305 1074 Ti.
329 1006 474 1076 Graccho
494 1007 530 1074 P.
548 1006 582 1072 P.
614 1007 650 1075 P.
671 1005 820 1096 Scipione
847 1005 967 1075 Nasica
984 1005 1120 1074 Corculo
1143 1005 1183 1087 Q.
1203 1017 1236 1072 et
1254 1002 1293 1069 Μ.

249 1111 466 1180 Nobilioribus
483 1110 523 1178 Τ.
534 1112 640 1180 Annio
650 1111 757 1181 Lusco
773 1111 811 1179 L.
825 1112 923 1180 Paulo
933 1111 1159 1190 Macedonico3
1176 1130 1293 1176 rursum

249 1216 301 1284 bis
328 1227 430 1285 aetate
460 1219 599 1285 minores
626 1228 717 1284 erant
737 1217 778 1284 A.
800 1217 936 1284 Albinus
964 1215 1034 1282 Ser.
1055 1213 1175 1283 Fabius
1196 1215 1295 1281 Pictor

251 1319 290 1400 Q.
302 1319 419 1388 Pabius
430 1319 541 1389 Labeo
557 1321 595 1402 Q.
607 1315 757 1389 Metellus
775 1319 812 1390 L.
824 1321 924 1390 Cotta
948 1321 1013 1388 Sed
1021 1322 1117 1407 longe
1128 1321 1294 1387 clarissimi

250 1423 288 1492 C.
306 1423 438 1493 Laelius
465 1424 501 1495 P.
521 1427 694 1496 Atnmnus
712 1423 822 1500 Mittor
851 1425 922 1498 Ser.
946 1427 1050 1498 Galba
1070 1429 1112 1506 (c.
1134 1423 1292 1504 stt—al).

336 1531 451 1596 Aetate
473 1542 643 1618 sequuntur
662 1530 700 1597 L.
723 1541 754 1599 et
770 1530 824 1620 Sp.
841 1532 984 1598 Mummii
998 1532 1114 1598 iratres
1135 1528 1194 1618 Sp.
1210 1528 1294 1616 Albi-

250 1653 311 1701 nus
330 1632 368 1700 L.
385 1645 416 1701 et
433 1632 468 1700 C.
486 1634 610 1702 Aurelii
627 1633 765 1704 Onesiae
785 1636 820 1702 P.
837 1639 866 1704 b
883 1635 919 1704 C.
935 1636 1049 1726 Popilii
1071 1635 1106 1701 C.
1124 1634 1295 1700 Tuditanus

250 1736 297 1803 M.
321 1735 470 1806 Octauius
500 1739 545 1805 Μ.
568 1739 707 1830 Lepidus
728 1740 865 1809 Porcina
885 1744 999 1810 ceteris
1025 1741 1091 1807 illis
1113 1739 1245 1816 cultior,
1268 1747 1295 1802 ut

251 1843 334 1911 atleo
355 1843 516 1911 lenitatem
538 1839 731 1913 Graecorum
753 1851 925 1936 exprimere
953 1845 988 1912 in
1008 1845 1241 1919 occideretur,
1262 1841 1294 1920 Q.

249 1945 417 2036 Pompeius
448 1947 485 2016 L.
514 1949 646 2018 Cassius
679 1949 735 2017 Cn.
764 1964 795 2020 et
822 1952 861 2033 0.
890 1951 1068 2039 Caepiones
1103 1949 1140 2015 P.
1165 1947 1295 2016 Crassus

249 2047 362 2119 Fannii
385 2054 447 2122 duo
467 2052 505 2120 L.
528 2052 657 2121 Caelius
678 2045 844 2146 Antipater
863 2057 904 2139 (c.
926 2056 1089 2138 ‘sb—20).

337 2155 405 2227 lun
431 2177 516 2226 nora
543 2169 633 2226 aetas
662 2172 820 2232 oratorum
850 2163 981 2239 exstitit,
1008 2163 1041 2227 in
1068 2179 1132 2248 qua
1162 2161 1296 2230 ordinem

125 2305 127 2310 -
252 2261 368 2330 ducunt
399 2261 451 2328 Ti.
479 2262 642 2331 Gracchus
670 2273 702 2330 ot
734 2263 769 2330 C.
797 2261 918 2344 Carbo,
950 2264 1135 2352 quibuscum
1162 2268 1298 2331 sinerum

251 2365 348 2433 laude
380 2373 500 2435 minore
534 2371 637 2436 ornati
667 2366 706 2433 D.
734 2367 850 2436 brutus
879 2368 918 2449 Q.
944 2367 1102 2435 Maximus
1135 2367 1172 2433 P.
1195 2367 1296 2456 Scipio

253 2467 388 2558 Serapio
419 2471 471 2552 Q.
489 2465 641 2540 Lentulus
672 2471 710 2538 L.
732 2471 844 2540 Furius
866 2472 974 2540 Pbilus
1006 2471 1041 2538 P.
1063 2471 1228 2540 Scaeuola
1259 2470 1296 2536 tt·

252 2572 408 2642 Manilius
439 2576 499 2664 Ap.
526 2575 678 2643 Claudius
709 2576 754 2643 M.
782 2575 910 2645 Fuluius
929 2575 1064 2644 Flaccus
1096 2575 1133 2643 C.
1155 2575 1239 2644 Cato
1267 2574 1296 2640 P.

251 2675 370 2746 Decius
390 2679 436 2746 M.
452 2678 574 2748 Drusus
594 2677 640 2746 Μ.
657 2679 782 2748 Pennus
798 2684 840 2764 (c.
857 2683 910 2749 27.
920 2683 986 2766 28).
1018 2680 1077 2748 llis
1092 2681 1296 2768 adiunguntur

252 2781 299 2850 Μ.
321 2783 462 2853 Scaurus
487 2795 518 2852 et
538 2784 572 2852 Ρ.
592 2784 746 2853 Rutiliusz
776 2805 839 2874 qua
867 2789 1039 2855 occasione
1059 2807 1131 2854 cum
1151 2791 1293 2854 universe

253 2887 293 2955 de
315 2887 434 2958 Stoicis
456 2891 653 2970 oratoribus,
679 2901 743 2957 tum
765 2891 806 2957 de
831 2890 878 2956 Μ.
897 2891 1016 2960 Catone
1035 2890 1125 2958 Bruti
1146 2889 1317 2986 amnone

252 2991 427 3082 disputatur
454 2997 494 3077 (c.
524 2995 688 3078 stt-sl).
740 2995 1008 3064 Commemoratur
1033 2997 1119 3064 baud
1149 2995 1297 3082 ignobilis

253 3109 363 3166 orator
376 3097 412 3164 C.
428 3097 524 3168 Curio
539 3105 582 3182 (c.
600 3103 667 3183 32),
685 3101 743 3166 sed
757 3101 905 3172 omuibus
923 3099 1110 3188 aequalibus
1127 3101 1297 3189 praefertur

253 3203 382 3288 ingenio
410 3216 442 3271 et
461 3205 564 3273 studio
586 3204 621 3271 C.
643 3204 806 3273 Gracchus
828 3210 872 3289 (c.
893 3207 967 3289 33);
995 3207 1046 3273 cui
1069 3205 1230 3272 adduntur
1250 3225 1296 3271 ae-

251 3307 365 3393 quales
387 3319 441 3374 aut
459 3310 555 3398 paulo
576 3311 744 3378 inferiores
767 3308 802 3377 C.
824 3309 930 3378 Galba
951 3309 987 3375 P.
1005 3308 1114 3398 Scipio
1140 3309 1177 3377 C.
1200 3309 1295 3378 Merra

252 3409 290 3477 C.
311 3410 452 3480 Fimbria
479 3413 514 3479 C.
538 3413 689 3483 Calvinus
714 3412 762 3479 M.
782 3412 897 3482 Brutus
926 3427 1094 3483 accusatum
1119 3413 1157 3482 L.
1183 3415 1296 3482 Caesu-

250 3514 344 3583 lenus
375 3515 423 3584 Τ..
437 3517 592 3588 Albucius
619 3524 661 3603 (c.
689 3518 767 3602 84);
799 3517 895 3607 paulo
923 3519 1077 3587 clariores
1110 3519 1149 3600 Q.
1173 3519 1295 3586 Catulus

251 3617 291 3699 Q.
312 3619 461 3688 Metellus
481 3623 664 3693 Numidicus
694 3623 739 3690 M.
762 3621 894 3690 Silanus
920 3621 966 3690 M.
988 3624 1139 3691 Aurelius
1160 3623 1295 3692 Scaurus

249 3719 292 3789 A.
321 3723 457 3790 Albinus
490 3726 529 3807 Q.
560 3729 679 3818 Caepio
712 3727 748 3794 C.
776 3739 809 3794 et
834 3726 873 3794 L.
900 3727 1041 3795 Memmii
1078 3726 1133 3816 Sp.
1162 3728 1294 3797 Thorius

248 3823 296 3892 Μ.
317 3823 493 3898 Marcellus
519 3831 554 3899 Ρ.
575 3831 727 3901 Lentulus
755 3831 792 3898 L.
816 3830 908 3900 Cotta
929 3835 971 3913 (c.
992 3833 1059 3917 35).
1203 3822 1208 3829 ’

334 3932 402 4002 Sed
436 3936 477 4002 ad
508 3957 659 4005 summam
688 3940 915 4027 praestantiam
948 3937 1129 4025 eloquentia
1156 3935 1291 4004 Romans

249 4043 391 4128 pervenit
417 4041 452 4106 in
481 4041 527 4108 M.
550 4043 689 4110 Antonio
715 4040 802 4108 &L
823 4039 943 4109 Crasso
969 4044 1079 4130 primis
1107 4041 1290 4110 Graecorum

248 4141 363 4213 laudes
380 4146 604 4232 aequantibus3
625 4148 831 4235 interponitur
847 4147 1007 4232 digressio
1028 4147 1069 4214 de
1085 4145 1125 4226 Q.
1143 4143 1293 4214 Scaeuola

251 4248 330 4316 iuris
347 4249 492 4317 consulto
507 4250 781 4337 eloquentissimo,
802 4252 856 4338 qui
872 4271 941 4320 curn
959 4250 1030 4321 Ser.
1047 4250 1193 4341 Sulpicio
1212 4249 1291 4316 Cice·
