2640 4780
232 423 323 496 102
624 417 890 488 CICERONIS

234 593 292 660 sed
312 609 347 658 se
367 587 514 655 arbitrari
532 607 662 655 causam
688 588 778 654 illam
798 609 820 655 a
841 587 912 654 Ser.
935 585 1055 666 Galba,
1086 589 1171 675 quod
1199 593 1229 657 is
1248 595 1274 656 in

233 709 366 777 dicendo
394 713 416 790 †
450 706 611 774 ardentior
639 707 804 793 acriorque
837 716 937 784 esset,
969 709 1098 791 gratim
1127 717 1158 776 et
1185 709 1273 775 vehe-

232 830 363 896 mentius
387 845 483 914 posse
509 822 648 904 delendi3
677 827 782 911 itaque
805 827 988 892 auctoritate
1011 823 1045 890 G.
1064 823 1159 893 Laeli
1179 827 1273 914 puhli-

232 967 330 1015 conos
360 964 490 1012 causam
518 943 669 1011 detulisse
696 943 738 1008 ad
766 941 917 1011 Galbam:
967 943 1019 1009 87.
1045 943 1135 1010 illum
1167 958 1271 1024 antem,

231 1065 313 1153 quod
341 1063 460 1130 ei'viro
481 1059 710 1128 succedendum
728 1071 829 1140 esset,
852 1062 1028 1129 verecunde
1050 1072 1082 1128 et
1103 1062 1274 1130 dubitanter

225 1181 423 1271 ¹recepisso.'
452 1201 546 1247 unum
579 1181 669 1268 quasi
700 1167 997 1276 'comperendinatus
1027 1180 1165 1246 medium
1196 1183 1272 1248 diem

230 1303 346 1380 luisse,
376 1319 467 1387 quern
487 1297 742 1366 totum'Galbam
763 1301 797 1365 in
811 1298 1050 1381 'consideranda
1066 1319 1168 1366 cansa
1192 1322 1272 1368 com-

228 1419 434 1509 ponendaque
466 1421 627 1506 posuisse;
661 1428 692 1484 et
722 1437 791 1484 cum
820 1419 1010 1503 cognitionis
1036 1417 1105 1484 dies
1133 1431 1220 1486 esset
1247 1430 1273 1486 et

229 1541 297 1626 ipse
323 1536 459 1604 Rutilius
486 1544 598 1622 rogatu
623 1539 781 1603 sociorum
801 1536 931 1617 {domum
958 1536 1000 1602 ad
1021 1533 1154 1602 Galbam
1182 1559 1272 1604 mane

226 1659 382 1734 uenisset,
413 1665 446 1722 ut
481 1675 549 1722 eum
581 1655 763 1721 admoneret
789 1663 820 1721 et
847 1654 888 1720 ad
908 1654 1188 1743 dicenditempus
1218 1657 1272 1722 ad-

229 1777 369 1854 duceret,
396 1773 494 1861 nsque
517 1774 620 1852 illum,
650 1773 754 1861 moad
775 1774 806 1840 ei
828 1775 1000 1840 nuntiatum
1020 1785 1107 1841 essct
1126 1775 1270 1841 consules

228 1893 447 1971 descendissess
473 1893 616 1959 omnibns
640 1891 778 1958 exclusis
808 1899 1045 1960 commentatum
1073 1895 1105 1959 in
1140 1894 1270 1980 quadam

225 2013 395 2080 testudine
408 2032 477 2078 eum
503 2011 604 2078 'seruis
632 2009 766 2078 literatis
795 2009 912 2089 inisse,
945 2030 1074 2098 quorum
1101 2011 1159 2078 alii
1188 2013 1270 2079 abud

226 2128 345 2200 dictare
373 2131 485 2197 eodem
510 2140 648 2216 tempore
676 2129 787 2196 solitus
815 2139 909 2196 esset
952 2131 1075 2196 interim
1099 2141 1270 2198 comesset
1311 2141 1312 2146 ’

225 2254 257 2318 ei
269 2251 453 2316 nuntiatum
478 2258 598 2334 tempus
626 2249 728 2339 esse,
744 2250 849 2314 exisse
873 2249 907 2313 in
927 2248 1025 2316 aedes
1049 2268 1089 2314 eo
1113 2249 1223 2316 colore
1244 2259 1269 2315 et

225 2371 266 2434 iis
292 2367 408 2442 oculis
434 2375 468 2431 ut
489 2368 596 2450 egisse
616 2369 760 2443 causan,
790 2371 854 2432 n'on
875 2375 1113 2432 commentatum
1136 2379 1269 2455 putares.

224 2485 278 2552 88.
301 2482 438 2550 addebat
455 2486 549 2548 etiam
565 2483 658 2570 idque
678 2484 719 2550 ad
735 2503 801 2550 rem
815 2486 971 2571 pertinere
988 2481 1125 2571 putabat,
1143 2490 1269 2574 scripto

224 2624 278 2671 res
300 2602 374 2670 illos
396 2601 478 2668 male
502 2602 654 2670 mulcatos
674 2604 779 2670 exisse
802 2623 872 2671 cum
892 2600 1010 2670 Galba:
1033 2623 1071 2670 ex
1088 2625 1150 2692 quo
1175 2607 1269 2690 signi-

227 2831 230 2840 ·
287 2805 322 2849 86
347 2805 477 2860 ardentior]
492 2806 587 2859 grauem

222 2978 288 3032 bata
305 2917 385 3033 Misc.
405 2974 486 3034 Obss.
506 2995 532 3048 p.
548 2975 622 3044 199,
640 2980 738 3033 ceteris
756 2987 832 3033 certe
849 2978 1048 3034 verisimilior.
1081 2913 1138 3031 lid.
1157 2994 1199 3062 pr
1220 2975 1268 3030 ad·

222 3051 388 3128 Ιιονιαιιιιι,
405 3061 457 3116 Gn.
478 3065 501 3117 l.
520 3061 714 3140 adhortator,
734 3063 814 3120 codd
833 3071 880 3117 ant
897 3063 1045 3118 adhortor
1064 3071 1111 3116 aut
1130 3054 1269 3124 adactor,-

222 3149 262 3204 lto
279 3149 401 3218 quidem,
425 3155 455 3201 ιιι
469 3146 540 3201 Ven.
559 3150 582 3203 l.
606 3165 691 3220 supra
713 3151 841 3220 scriptum
859 3158 992 3204 monstret
1011 3163 1069 3202 ona
1087 3147 1122 3217 (l.
1139 3166 1164 3204 e.
1184 3147 1267 3201 ador-

221 3234 349 3302 r'tatior),
373 3231 445 3286 Vero.
462 3233 487 3288 2.
504 3251 523 3284 r
539 3240 567 3286 et
585 3250 620 3288 en
638 3235 672 3303 (1.
692 3252 716 3290 ι.
736 3235 922 3304 ardentior),
948 3233 977 3288 in
997 3231 1048 3304 hg.
1066 3231 1109 3288 39.
1132 3233 1168 3286 ad
1186 3249 1309 3302 marg.

220 3321 350 3390 scriptum
369 3319 432 3381 sit,
433 3317 584 3380 ‚doctior‘
599 3319 760 3394 „forttor‘fi
784 3317 903 3375 Ernesto
921 3319 1023 3390 placuit
1039 3321 1171 3390 arcator,
1188 3317 1267 3371 mani·

220 3404 295 3458 festo
311 3403 491 3474 aptissimum,
517 3404 541 3457 si
563 3421 615 3474 per
631 3403 714 3458 libros
737 3405 840 3458 admitti
859 3414 968 3476 posset,
991 3406 1126 3458 atrocior
1143 3403 1267 3468 Trillero‚

221 3491 295 3560 quod
312 3490 340 3543 ln
358 3495 544 3542 accusatorem
562 3489 685 3564 quentin
704 3497 848 3560 patronum
864 3489 964 3543 rectius
983 3489 1069 3554 cadit,
1087 3488 1158 3542 sicut
1171 3487 1266 3560 Orellii

221 3574 357 3628 acerbior
362 3593 374 3635 ,·
387 3573 437 3628 sed
448 3563 566 3627 omniurn
574 3573 757 3628 infelicissime
765 3573 963 3645 Bernhardyus
975 3573 1092 3650 coniecit
1103 3577 1265 3628 astrictior.
1307 3639 1308 3652 χ

219 3657 293 3714 Nam
306 3655 473 3728 significatur
486 3658 545 3711 lans
560 3651 679 3712 cratoris
693 3661 842 3728 praecipua
855 3659 918 3725 illo,
936 3675 1007 3729 quae
1023 3659 1051 3710 in
1065 3655 1266 3712 commovendis

220 3733 374 3795 auditorum
392 3741 486 3794 animis
505 3743 638 3798 cernitur:
661 3743 724 3818 bule
742 3745 873 3798 convenit
890 3759 949 3796 rem
966 3741 1082 3795 dicendo
1100 3742 1223 3796 dilatare
1243 3750 1267 3793 et

219 3824 403 3898 amplificare,
419 3841 475 3880 non
493 3829 652 3944 astringere.
671 3859 703 3869 —
727 3827 827 3897 Laeli]
844 3830 884 3883 sic
902 3827 949 3882 aut'
966 3823 1034 3882 Lali
1050 3825 1101 3897 bg.
1120 3825 1148 3883 8
1166 3827 1210 3882 35.
1229 3825 1264 3878 39.

217 3911 261 3966 111.
278 3911 319 3966 58.
345 3911 416 3968 Veu.
436 3912 459 3967 l.
588 3925 590 3930 '

286 3997 340 4052 87.
365 4003 395 4050 et
409 3996 592 4078 dubitanter]
610 3997 837 4070 dubitanterque
853 3997 905 4070 bg.
918 3997 1007 4051 20.—
972 3996 1264 4074 -comperertda'aa

218 4079 1265 4156 tas1pereadtnatcs39.—atrtaltcamvttcn.attrectandum.

218 4166 359 4223 omittitur
376 4167 455 4222 atto
448 4185 476 4221 ιιι
495 4168 538 4224 ed.
552 4185 593 4239 pr
612 4175 640 4222 et
655 4167 731 4224 libris
749 4171 875 4225 omnibus
894 4175 1004 4240 praeter
1022 4165 1072 4238 Lg.
1084 4165 1128 4222 99.
1148 4175 1175 4220 et
1193 4165 1265 4228 Vae,

219 4253 363 4323 ceteroqui
372 4251 447 4310 nulle
454 4269 486 4310 re
494 4253 769 4325 commendabilibus3
782 4253 963 4328 aposteriore
973 4252 1035 4312 dein
1044 4249 1265 4310 mertam·-
