2640 4780
241 395 324 468 lta
540 453 545 464 .
633 388 897 459 CICERONIS

241 582 316 630 nam
343 569 436 629 autea
461 559 616 628 nemiuem
648 561 774 629 solitum
793 562 848 628 via
868 579 929 628 nec
950 567 1034 640 arte,
1063 560 1122 626 scd
1142 569 1280 627 accurate

240 691 344 748 tamen
373 689 404 748 et
430 679 469 747 de
498 681 613 767 scripto
632 679 799 767 plerosque
822 679 945 758 diecre;
972 680 1170 766 scriptasque
1192 677 1280 744 luisse

241 808 272 866 et
305 807 433 886 paratas
466 817 487 864 a
511 796 688 884 Protagora
717 815 823 864 rerum
853 796 1020 864 illustrium
1051 797 1279 884 disputationes,

176 913 1281 1004 ,wmmmfflmmflfflm

240 1033 356 1102 iecisse
380 1033 546 1120 Gorgiam,
577 1053 647 1100 cum
674 1032 869 1127 singulorum
896 1051 1000 1100 rerum
1029 1032 1142 1099 laudes
1171 1034 1281 1118 vitupe-

231 1156 440 1239 rationesque
470 1153 730 1238 conscripsissem
764 1151 847 1239 quod
879 1151 1033 1218 iudicaret
1060 1149 1122 1218 hoc
1152 1151 1280 1217 oratoris

241 1291 314 1340 esse
341 1290 482 1337 maxume
510 1271 667 1358 proprium
693 1287 761 1334 rem
788 1289 905 1356 augere
933 1289 1028 1357 posse
1054 1269 1217 1335 laudando
1241 1269 1282 1334 ri-

179 1369 183 1380 ’
240 1389 473 1476 tuperandoque
499 1407 608 1454 rursus
634 1385 789 1472 affligere.
831 1385 905 1454 huic
925 1386 1148 1475 Antiphontem
1172 1385 1282 1452 Rham-

240 1508 365 1573 nusium
383 1505 500 1574 similia
511 1505 665 1593 quaedam
680 1505 831 1573 hahuisse
846 1508 1038 1594 conscripta3
1057 1525 1118 1592 quo
1132 1507 1282 1572 nemiuem

240 1643 376 1712 uuquam
403 1624 515 1690 melius
542 1623 640 1690 ullam
668 1625 812 1692 oravisse
841 1626 952 1712 capitis
980 1641 1125 1702 causam,
1151 1642 1225 1688 cum
1251 1641 1282 1688 se

240 1743 308 1830 ipse
331 1741 527 1822 defenderet,
551 1761 586 1808 sc
609 1742 754 1810 audiente
770 1741 912 1830 locuples
932 1717 1041 1810 auctor
1058 1743 1184 1829 scripsit
1203 1739 1283 1806 Thu·

241 1860 380 1946 cydides.
423 1860 475 1928 ts.
501 1879 573 1927 uam
597 1857 728 1946 Lysiam
756 1862 855 1948 primo
880 1859 1016 1950 profiteri
1039 1860 1167 1928 solitum
1191 1868 1282 1925 artem

118 2028 126 2051 .
240 1999 313 2046 csse
336 1979 475 2054 dicendi;
496 1979 627 2058 deinde,
650 1978 732 2066 quod
752 1977 938 2046 Theodorus
961 1988 1046 2046 esset
1066 1981 1100 2044 in
1122 1987 1191 2046 arte
1214 1975 1283 2043 sub-

187 2177 192 2186 ·
238 2098 339 2177 iiiior,
369 2097 617 2166 lucrationibus
641 2107 743 2165 autem
764 2099 916 2177 ieiunior‚
938 2098 1099 2164 orationes
1120 2117 1193 2164 eum
1210 2096 1281 2162 scri-

238 2213 314 2284 bere
337 2215 411 2282 aliis
433 2218 593 2303 coepisse,
616 2225 715 2282 artem
735 2218 918 2284 removisse.
952 2215 1097 2283 similiter
1116 2213 1282 2282 Isocratem

239 2336 338 2420 primo
362 2343 460 2400 artem
481 2333 606 2400 dicendi
628 2353 700 2401 esse
721 2337 908 2420 negavisse,
931 2333 1071 2401 scribere
1090 2344 1194 2400 autern
1215 2331 1281 2398 aliis

240 2451 366 2518 solitum
388 2451 564 2531 orationes,
592 2451 704 2538 quibus
726 2455 760 2518 in
780 2453 906 2519 iudiciis
927 2461 1101 2532 uterentur3
1123 2451 1196 2528 sed,
1219 2470 1282 2518 curu

240 2588 280 2635 cx
306 2588 361 2647 co,
388 2570 463 2656 quia
492 2571 584 2654 quasi
611 2573 814 2638 committeret
844 2580 954 2640 contra
982 2566 1193 2656 legemque
1217 2569 1283 2656 quis

238 2685 356 2753 iudicio
374 2679 662 2766 circumveniretur,
684 2707 781 2776 saepe
802 2689 871 2776 ipse
892 2691 926 2754 iu
944 2688 1095 2754 iudicium
1110 2697 1282 2763 vocaretur,

239 2806 399 2874 orationes
428 2805 501 2874 aliis
531 2806 689 2872 destitisse
717 2805 856 2874 scribere
882 2815 1045 2902 totumque
1073 2825 1110 2874 se
1141 2807 1181 2874 ad
1210 2807 1283 2873 artis

238 2924 469 3012 componendas
490 2924 698 2992 transtulisse.
755 2959 767 2972 ·
800 2909 802 2914 ’

238 3124 308 3166 corr.
322 3115 350 3164 ut
362 3108 402 3178 8.,
421 3105 474 3165 01.
488 3109 532 3164 cd.
543 3127 585 3180 pr.
614 3109 692 3166 Gens
708 3111 917 3166 controversiis
930 3115 1003 3164 stuta
1015 3107 1135 3164 coniecit
1146 3107 1282 3164 lacobsius

142 3253 146 3262 ,
237 3193 394 3266 eleganter,
407 3195 458 3248 sed
469 3195 638 3266 improbetur
652 3193 879 3265 aBeruhardyo‚
894 3193 966 3264 quod
979 3209 1059 3248 memo
1075 3194 1167 3248 adhuc
1177 3195 1282 3248 Siculos

236 3285 335 3332 natura
350 3279 484 3350 litigiosos
501 3280 608 3334 dixerit.
635 3281 670 3334 At
683 3279 780 3353 Cicero
798 3279 967 3352 melodient,
985 3279 1059 3348 quod
1077 3279 1212 3332 iudicialis
1230 3279 1280 3330 elo·

237 3364 350 3432 quentia
366 3363 439 3434 apud
458 3379 506 3418 eos
523 3373 587 3418 orta
604 3364 757 3420 dicebatur:
776 3381 829 3418 uec
845 3365 916 3418 male
933 3365 1007 3429 illis‚'
1017 3365 1062 3434 qui
1079 3364 1281 3420 controversias

236 3455 343 3514 amant,
357 3447 515 3503 res-deberi
527 3449 624 3504 dicitur
636 3452 664 3504 iu
677 3450 874 3504 controversiis
887 3449 1056 3504 iudicialibus
1069 3449 1152 3504 utilis.
1174 3447 1280 3504 Schnei-

236 3531 318 3588 derus
336 3540 365 3588 et
383 3537 584 3591 controversia
598 3535 701 3590 deleuit
718 3541 745 3588 et
763 3543 827 3590 autc
842 3533 951 3604 scripsit
968 3537 1182 3588 controuersiis
1197 3540 1228 3588 et
1244 3536 1281 3588 itt·

236 3617 343 3672 dictis:
361 3619 411 3673 sed
427 3619 557 3674 indictum
573 3621 683 3676 videtur
698 3637 763 3674 ream
782 3621 982 3676 controuersia
999 3625 1141 3692 repetere.
1183 3649 1184 3658 .

305 3702 348 3756 47.
385 3708 515 3757 oratoris
529 3707 603 3772 esse]
619 3724 682 3760 esse
695 3722 748 3760 orn.
761 3704 918 3763 Lambinus.
927 3717 963 3744 -’
979 3705 1133 3772 mantunae]
1145 3702 1196 3774 Lg.
1205 3703 1233 3758 8.
1242 3701 1279 3756 51.

114 3778 122 3798 ⁸
236 3784 307 3840 Veu.
327 3784 351 3838 l.
376 3802 430 3840 om.
447 3785 498 3857 Lg.
516 3787 557 3843 58.
574 3815 611 3829 —
634 3789 704 3844 duic
718 3789 939 3862 Antiphontem]
959 3787 1029 3843 ltine
1045 3787 1079 3842 A.
1099 3788 1144 3843 ed.
1157 3805 1198 3859 pr.

303 3868 346 3923 48.
366 3877 479 3951 Χανιεπι
496 3873 570 3940 csse]
588 3873 643 3928 inv.
661 3873 712 3946 Lg.
727 3875 768 3929 70.
795 3893 858 3930 esse
876 3891 929 3929 om.
946 3874 998 3944 Lg.
1012 3873 1055 3930 20.
1069 3902 1105 3912 -
1129 3889 1196 3926 eum
1213 3872 1278 3925 scri·

234 3955 345 4011 dere-
356 3957 498 4029 coepisse]
516 3974 626 4012 cum-
635 3963 783 4032 coepisset
796 3959 848 4014 Gu.
861 3959 883 4014 l.
902 3959 1037 4028 scriptura
1049 3957 1241 4012 memorabilis.
1249 3983 1279 3994 -

234 4041 364 4108 iudicio]
379 4045 411 4096 itt
425 4043 537 4098 iudicio
550 4043 602 4115 Lg.
615 4043 657 4098 20.
673 4045 716 4098 ed.
730 4061 772 4116 pr.
788 4044 1060 4116 „praepositionem⁹
1075 4060 1157 4114 quam
1168 4039 1280 4096 formula

234 4126 302 4198 legis
320 4127 502 4198 Semproniae
519 4129 620 4197 nescit,
638 4129 751 4184 consilio
770 4129 879 4185 videtur
898 4129 997 4184 Cicero
1014 4127 1156 4196 omisisse,
1178 4143 1241 4180 cum
1257 4131 1280 4177 et

235 4213 268 4274 irs
280 4211 402 4270 tedicus
417 4229 582 4285 praegresso
600 4217 632 4272 ia
644 4214 787 4273 tedtctom
803 4222 934 4287 sequetur
950 4231 1002 4270 uec
1017 4215 1107 4286 possit
1124 4211 1281 4282 ambiguitas
