2674 4776
280 339 342 407 Ab
366 337 453 406 clu.
475 325 680 408 bannum
702 337 792 410 GAP.
816 341 865 408 14.
1009 343 1098 416 adt

55 529 141 588 pamm
161 509 301 572 haissime
321 515 524 590 mmdsdmam
544 514 584 576 ad
597 523 706 593 partas
728 513 907 593 ecpbaasdc.
938 533 967 596 p.
983 515 1098 580 Milone

55 610 110 687 15,
126 612 185 674 40:
208 631 271 672 cum
288 645 324 660 ··-
344 618 545 691 pravissimam
565 616 727 678 adolescens
742 616 932 676 nobilissiams
947 618 989 674 cei
1003 615 1098 692 pobli-

54 731 103 772 cae
123 721 234 791 portem
253 715 409 788 fedissimas
427 719 602 794 suscepisset.
644 716 679 780 ln
699 717 785 782 Verr.
803 717 909 780 Aecus.
929 714 967 778 11.
984 714 1020 788 5,
1043 717 1096 776 14:

53 821 85 872 at
103 847 148 858 -
168 815 303 876 imissimi
326 817 442 894 quidum
466 835 504 876 eo
523 821 690 878 miserrimis
717 818 965 895 desertissimisque
989 815 1099 893 oppidis

53 917 253 976 invenirentur.

139 1032 190 1096 54.
231 1037 277 1092 Μ.
303 1033 457 1110 vabriam]
486 1031 567 1114 apud
587 1034 704 1098 Liuium
731 1034 871 1114 Sigonius
900 1032 1018 1115 scripsit
1039 1031 1099 1106 M';

51 1131 106 1195 sed
132 1133 258 1196 alterum
283 1151 463 1214 praenomen
486 1133 616 1198 defendit
635 1135 812 1198 Nicbnbrins
839 1135 898 1200 nol.
921 1135 944 1198 Ι.
972 1152 1002 1215 p.
1025 1134 1098 1196 666.

50 1233 112 1296 Res
135 1233 179 1296 M.
195 1233 311 1298 Valerii
330 1234 426 1312 tangit
445 1233 546 1298 titulus
567 1236 719 1299 Arretinos
742 1237 820 1318 apud
836 1235 979 1300 Orellium
999 1233 1060 1298 nol.
1074 1233 1096 1296 l.

48 1351 79 1415 p.
103 1336 174 1396 146.
198 1353 226 1396 n.
246 1334 319 1400 535.
362 1334 407 1398 De
435 1339 471 1396 L.
497 1337 606 1398 Valerii
625 1341 712 1398 Potiti
740 1338 828 1401 rebus
858 1338 950 1418 gestis
978 1335 1099 1399 consule

51 1432 177 1496 eundem
198 1435 388 1499 Niebubrium
408 1435 467 1501 rol.
486 1435 524 1499 ll.
545 1455 575 1518 p.
594 1439 659 1504 464
675 1457 742 1520 sqq.

138 1551 190 1615 55.
235 1556 337 1620 mismo
359 1553 466 1630 motor]
494 1569 531 1618 ex
557 1557 614 1618 hac
642 1556 759 1637 quidem
785 1573 821 1620 rc
845 1555 993 1638 suspicari
1019 1561 1099 1620 recte

52 1652 128 1714 nihil
146 1659 260 1733 potcst;
287 1651 362 1716 ludit
383 1653 488 1718 Cicero
515 1656 547 1718 in
567 1658 759 1736 ambignitate
779 1656 932 1732 vocabuli,
961 1654 1041 1736 quod
1067 1656 1099 1717 in

53 1753 192 1816 Fabricio
212 1753 288 1816 nihil
307 1752 477 1836 significare
497 1763 595 1836 potest
614 1759 672 1818 nisi
693 1759 834 1836 legatum.

139 1871 427 1950 necessariaiam]
455 1871 611 1953 plurimum
637 1874 663 1936 is
688 1873 809 1954 ingenio
831 1873 962 1954 potuisse
983 1871 1098 1948 dicitnr,

56 1971 133 2054 qnod
159 1973 234 2034 iuris
255 1973 397 2054 pontificii
423 1974 534 2054 polmus
562 1981 666 2036 auctor
686 1975 756 2036 suit:
785 1975 816 2036 bi
837 1981 903 2035 sunt
924 1973 1000 2036 enim
1021 1993 1098 2034 coas-

56 2077 187 2134 mentcrii
206 2073 385 2152 pontificum,
407 2091 466 2136 non
487 2075 625 2150 annales,
644 2083 677 2138 ut
697 2076 823 2156 Meysen
843 2077 953 2149 nsum,
982 2093 1009 2137 6.
1032 2075 1096 2138 Lis.

55 2175 100 2240 111.
119 2177 167 2251 3,;
197 2181 227 2237 st
248 2173 327 2256 qnod
347 2175 458 2257 primus
485 2176 531 2238 ius
544 2173 686 2257 'profiteri
709 2177 820 2258 coepit:
848 2195 876 2240 6.
897 2177 1039 2257 Pampan.
1062 2175 1098 2238 de

56 2277 128 2357 orig.
151 2277 211 2340 iar.
233 2293 259 2338 c.
275 2278 320 2352 3.;
341 2276 373 2338 id
394 2276 474 2358 qaod
493 2276 566 2340 iuris
589 2277 715 2340 consulti
732 2285 878 2342 nostrates
900 2277 939 2340 66
955 2295 1098 2360 responsa

56 2378 203 2458 pertinere
224 2377 396 2453 docuerunt,
418 2396 477 2444 non
498 2377 537 2442 ad
557 2378 719 2442 doctrinam
741 2380 884 2462 aliquam:
906 2398 933 2446 6.
951 2379 1098 2442 Zimmern

59 2481 154 2542 dasch.
179 2479 207 2540 d.
229 2484 268 2538 lt.
284 2481 409 2540 Privata
431 2477 453 2540 l.
476 2499 505 2561 p.
530 2483 600 2544 133.
622 2485 694 2546 249.
736 2483 855 2546 Monuit
870 2479 1055 2562 Bernhardy.

133 2601 182 2657 Μ
206 2597 329 2674 Gaiam]
359 2595 436 2658 idem
457 2605 515 2674 est,
544 2599 595 2679 qni
614 2600 757 2680 Pyrrhum
778 2601 809 2664 in
830 2601 942 2684 campis
962 2600 1098 2664 Arusinis

58 2701 160 2764 nictum
177 2699 267 2762 ltalia
287 2697 392 2760 cedere
408 2701 515 2780 coegit.
547 2700 696 2762 Tribunus
714 2720 743 2762 a.
757 2705 834 2776 298,
857 2720 921 2764 cum
936 2703 993 2781 Ap.
1008 2699 1098 2761 Glau-

59 2800 118 2864 dins
145 2803 279 2863 interrex
306 2799 455 2862 candidati
482 2799 594 2878 plebeii
618 2801 763 2860 rationem
783 2799 947 2860 hahendam
975 2808 1099 2876 negaret

60 2912 158 2966 contra
179 2902 276 2982 legem
292 2902 451 2976 Liciniam,
472 2898 654 2976 petrosis.
676 2891 818 2979 patricios
839 2898 959 2959 curiatis
975 2899 1099 2961 comitiis

59 3004 86 3064 in
104 3006 248 3067 incertum
268 3010 399 3067 euentum
415 3017 466 3064 eos
487 2998 678 3078 magistratus
699 2995 872 3060 confirmare
889 2999 1001 3076 coegit,
1025 3018 1099 3080 qnos

60 3106 183 3187 papulus
205 3105 373 3168 centuriatis
395 3101 520 3164 comitiis
543 3108 695 3164 creaturus
715 3105 805 3160 esset:
828 3115 905 3179 qnae
925 3098 1030 3160 deinde
1048 3100 1099 3165 lex

61 3209 173 3287 perlata
194 3215 238 3268 est
259 3225 279 3268 a
300 3204 333 3270 C.
348 3204 471 3268 Maenio
492 3203 609 3266 tribune
632 3221 660 3264 a.
678 3201 750 3264 286.
794 3199 950 3264 Consulem
971 3220 1027 3260 nnc
1049 3221 1099 3260 cc-

61 3312 144 3386 cipere
165 3307 343 3370 Niebuhrius
370 3304 511 3386 explicuit
530 3304 590 3368 rol.
609 3303 647 3368 11.
667 3323 697 3386 p.
716 3305 804 3378 476,
831 3302 929 3381 legem
948 3302 1100 3366 Maeniam

62 3415 87 3471 et
113 3417 214 3491 patres
245 3416 380 3472 sanctores
407 3405 484 3470 idem
512 3405 572 3469 rol.
591 3405 613 3468 1.
642 3425 672 3488 p.
694 3406 764 3470 374.
797 3404 849 3468 111.
877 3423 907 3486 p.
928 3407 1018 3480 493„
1050 3421 1099 3466 res

62 3507 100 3572 Μ’
122 3511 206 3576 carii
226 3509 286 3574 nal.
306 3509 356 3572 111.
378 3527 408 3592 p.
426 3510 499 3574 482.

140 3628 192 3694 56.
236 3631 282 3686 Μ.
294 3628 410 3705 Popilii]
432 3647 460 3692 6.
476 3628 541 3690 Liu.
554 3625 616 3691 Vll.
634 3628 684 3688 12.
704 3620 844 3684 Niebuhr.
866 3620 925 3685 vel.
936 3622 987 3686 111.
1004 3640 1034 3704 p.
1048 3621 1099 3686 53.

141 3747 194 3810 57.
239 3747 269 3806 c.
288 3745 456 3822 mactatus]
479 3763 538 3806 cns.
561 3744 685 3824 primum
707 3759 735 3803 6.
752 3740 830 3816 531,
850 3741 956 3804 iterum
977 3760 1005 3804 a.
1024 3741 1100 3816 5375

63 3847 137 3926 apud
157 3847 360 3910 Trasimenum
380 3846 477 3908 lacum
498 3845 618 3907 interiit.
659 3845 770 3922 Legem
791 3844 941 3922 agrariam
960 3841 1101 3919 Polybius

66 3963 136 4011 anno
153 3949 216 4014 522
237 3949 320 4030 ponit
338 3948 376 4010 ll.
394 3952 460 4021 21.;
483 3946 560 4008 alios
582 3945 704 4008 annales
725 3951 841 4008 secutus
863 3942 967 4006 Gieerc
989 3941 1101 4003 Getone

65 4049 163 4122 4,11.
196 4051 232 4129 Q.
244 4049 408 4116 Maximum
428 4050 459 4110 in
481 4045 634 4112 cumulata
655 4066 683 4110 a.
699 4045 763 4110 526
784 4044 812 4106 ei
833 4043 895 4124 legi
916 4040 1102 4104 adversatum

66 4145 139 4212 dicit.
