2676 4774
235 409 304 483 ’Β
389 403 539 474 coevis
559 400 859 486 cccccmnun
880 401 984 473 cont.
1004 403 1115 472 fflS'i'.

237 575 1284 664 erct;quuobrc=ecootinneiunirermbi.craceinn

236 682 353 746 utinen
379 680 573 761 grauioainnc
590 686 734 761 pmonur
754 679 881 754 exstitit,
906 685 941 740 ut
959 695 999 740 re
1018 677 1147 742 nivern
1167 679 1284 761 quidem

235 782 340 866 populi
378 781 591 845 acob-abone
626 780 667 841 ab
703 779 882 843 imcctnuiio
915 779 1112 862 connubio
1152 781 1285 844 beterre-

235 891 318 948 retur
332 879 405 963 (ω),
437 889 467 944 ct
497 899 563 946 cun
591 880 727 962 plurimis
754 881 921 944 bominibus
951 880 1115 946 ommate
1141 883 1285 958 exercuit,

236 1001 362 1068 qnorum
386 991 507 1066 praeter
530 982 688 1046 Metellum
713 987 976 1045 commemorantur
997 981 1034 1059 Q.
1055 983 1214 1064 Pompeius
1229 979 1284 1060 (76)

234 1086 272 1152 b.
292 1085 452 1150 Mummius
471 1084 508 1148 lt.
529 1083 670 1147 Ancum
690 1081 779 1146 Cotta
804 1083 908 1146 conoul
928 1101 958 1146 a.
979 1085 1058 1160 clo,
1082 1101 1170 1165 quen
1196 1101 1285 1146 accu-
1325 1083 1326 1150 7

235 1186 313 1250 savo
332 1183 458 1249 necno
480 1183 655 1246 roncone
670 1179 742 1264 (θ),
767 1191 796 1246 c
816 1184 865 1247 ru.
889 1183 1033 1249 manuus
1052 1185 1174 1248 mauu
1197 1185 1284 1247 nouo
1325 1155 1326 1212 1

234 1287 298 1352 rito
318 1303 445 1367 nequem
465 1291 495 1346 ct
514 1285 609 1366 turpio
627 1279 693 1364 (θ).
735 1284 797 1348 Sei
816 1286 931 1364 ingenii
951 1285 1032 1348 cultu
1052 1293 1082 1348 et
1102 1303 1216 1348 norun
1239 1285 1286 1346 iu·
1325 1281 1326 1342 1

235 1385 384 1452 cunditete
403 1387 448 1448 ita
463 1402 554 1468 parco
572 1384 693 1448 inerunt
708 1385 811 1468 Scipio
832 1394 863 1449 et
877 1385 1016 1462 Laelius,
1035 1394 1069 1448 ut
1086 1387 1185 1450 neutri
1200 1387 1285 1468 prio·

235 1503 285 1552 reo
311 1486 458 1552 vindicari
476 1493 612 1568 ponent:
639 1487 780 1549 maiorem
803 1493 901 1552 tomen
921 1487 960 1552 de
978 1487 1086 1552 Laelio
1108 1488 1205 1552 inisse
1232 1503 1285 1550 aa·

234 1587 366 1672 pientiae
381 1588 501 1650 mnan
525 1586 631 1651 Cicero
658 1595 763 1651 narrat
781 1584 847 1669 (θ’).
889 1587 981 1653 cum
1007 1589 1054 1652 rei
1078 1606 1199 1652 caucum
1224 1606 1285 1650 non
1325 1595 1326 1674 J

235 1691 304 1753 binc
335 1707 401 1752 cum
421 1688 565 1752 Cicerone
591 1696 710 1770 repeto,
747 1689 827 1771 quoti
857 1707 917 1753 nou
947 1691 999 1752 uni
1026 1691 1126 1753 onnia
1152 1688 1285 1752 tribucre
1325 1699 1326 1706 ’

235 1791 384 1856 noluerint
398 1791 545 1866 ionium,
569 1789 623 1852 ced
643 1788 724 1871 quod
737 1791 840 1872 Scipio
861 1791 1026 1872 longinqua
1042 1791 1149 1854 militia
1168 1797 1198 1852 et
1217 1789 1286 1852 ola-

214 1892 360 1959 sunnio
393 1890 482 1954 bellio
512 1889 667 1973 pemeudiu
698 1891 745 1954 rei
770 1891 910 1973 publicae
935 1891 1014 1955 doni
1043 1891 1193 1972 modae
1223 1905 1284 1952 non

165 2051 169 2062 .
234 2000 361 2068 man,
393 1999 532 2074 quanam
557 1991 697 2067 Laelius,
728 1993 860 2056 tribuere
886 2011 1009 2076 operam
1037 1993 1178 2075 potuerit.
1218 1991 1284 2054 Hoc
1325 2001 1326 2008 ’

235 2094 446 2178 quadamtenus
476 2092 629 2156 coufirmat
657 2092 811 2157 Ciceronis
839 2096 974 2158 namatio
990 2089 1062 2174 (Ν)
1093 2095 1125 2156 in
1154 2093 1285 2156 amicitia

234 2211 336 2260 corum
352 2195 439 2276 quusi
458 2193 605 2275 quoddam
619 2194 667 2256 ino
683 2195 761 2256 inter
778 2212 829 2258 eos
844 2195 953 2272 fuisse,
973 2203 1006 2259 ut
1021 2195 1144 2258 militiae
1161 2201 1284 2276 propter

235 2296 373 2360 eximiam
398 2293 474 2356 belli
498 2293 628 2372 gloriam
647 2293 819 2358 Africanum
844 2303 878 2358 ut
904 2295 990 2358 icum
1016 2296 1128 2360 coleret
1148 2295 1282 2369 Laelius,

115 2441 135 2464 ..
236 2396 316 2460 domi
335 2395 466 2460 riciccim
485 2393 637 2470 Laelium,
659 2395 737 2476 quob
759 2403 858 2460 aetate
879 2397 1084 2473 antecedebat,
1111 2399 1283 2462 obscuraret

234 2497 266 2560 in
286 2497 418 2580 parentio
440 2494 509 2558 loco
527 2494 639 2576 Scipio.
675 2496 753 2574 Quin
769 2497 939 2580 Scipionem
959 2497 1100 2562 abaeiio
1121 2499 1154 2560 in
1170 2499 1281 2562 cretio·

235 2599 321 2662 nibuc
343 2595 478 2661 odiurori
500 2595 600 2678 opinio
628 2597 776 2660 bominum
797 2606 863 2661 erat
888 2599 979 2682 paulo
1004 2598 1199 2676 invidiosior,
1227 2615 1282 2660 nec

237 2715 274 2761 ea
295 2705 392 2762 tanen
413 2698 561 2761 curicitiae
582 2715 685 2761 eorum
705 2698 805 2762 offecit
820 2695 885 2780 (Ἡ).

321 2799 488 2864 oratoriam
508 2798 626 2862 laudem
643 2800 792 2882 Scipionis
813 2803 903 2864 babet
916 2795 1023 2864 Cicero
1045 2800 1121 2864 locis
1138 2799 1281 2881 plurimis,

234 2901 278 2964 ite
298 2899 429 2982 quidem,
449 2907 482 2963 ut
503 2899 539 2962 dc
553 2900 661 2963 Laelio
682 2903 778 2965 maior
795 2903 912 2984 quidem
926 2902 1008 2964 fame
1022 2903 1171 2966 bominum
1185 2901 1280 2974 fuerit

234 3002 384 3066 crationes
412 3009 510 3064 autem
535 3001 671 3064 Africani
696 3003 790 3066 miuus
817 3023 905 3085 quem
925 3005 1023 3068 Laelii
1043 3003 1183 3068 redolere
1206 3002 1280 3064 anti·

235 3103 373 3185 quitatem
403 3101 539 3166 dicantur
555 3097 619 3180 (¹²).
662 3101 736 3166 Cum
763 3105 891 3185 exiguae
918 3105 1007 3169 bodie
1034 3105 1190 3186 utriusque
1209 3103 1279 3166 reli-
1326 3149 1327 3164 .

234 3204 323 3285 quiae
351 3210 482 3279 exstent,
510 3221 570 3266 non
597 3203 669 3264 catio
695 3204 823 3268 iudicari
848 3205 886 3269 de
905 3223 1007 3270 eorum
1025 3205 1183 3272 uirtutibus
1203 3205 1280 3266 iicet.
1326 3211 1327 3280 ξ

235 3303 349 3368 Tamen
374 3310 495 3386 praeter
524 3301 719 3369 elocutionem
742 3325 848 3388 puram
875 3314 905 3369 et
930 3307 1081 3384 Latinam,
1109 3323 1190 3388 quae
1218 3310 1281 3368 crat

234 3405 341 3468 aetatis
370 3403 452 3467 iliius
480 3403 547 3466 laus
567 3399 637 3482 (76),
665 3406 729 3468 sine
755 3406 844 3470 dubio
871 3408 967 3487 magis
987 3425 1164 3470 summorum
1184 3423 1281 3470 rerum
1326 3403 1327 3482 }

233 3505 404 3595 prudentia,
445 3524 534 3587 quam
565 3514 629 3569 arte
662 3507 872 3571 excelluerunt.
927 3509 1106 3576 Gravitatem
1137 3506 1280 3589 Scipioni,

233 3607 382 3672 lenitatem
402 3607 508 3672 Laelio
533 3608 637 3674 tribuit
657 3608 762 3674 Gicero
780 3605 833 3687 (⁷⁴)
859 3611 955 3692 magia
982 3610 1130 3675 bominum
1150 3608 1281 3689 ingenia,

303 3803 350 3874 65)
368 3803 440 3859 Veli.
455 3804 488 3861 11.
504 3807 529 3862 1.
617 3806 664 3874 66)
683 3807 740 3864 Cic.
753 3807 831 3863 Loci.
845 3807 889 3875 61,
903 3807 944 3863 77.
971 3806 1042 3862 Huic
1054 3805 1149 3878 Scipio
1164 3813 1280 3877 propter

233 3889 401 3946 consulatum
412 3889 510 3946 boelio
529 3899 653 3963 ereptum
676 3892 852 3949 irascebatur.
938 3892 985 3960 67)
1006 3891 1062 3948 Cic.
1076 3890 1156 3947 Brut.
1168 3891 1219 3956 61,
1237 3891 1279 3944 81.

232 3976 280 4046 66)
304 3993 331 4032 v.
355 3993 420 4031 mox
445 3984 473 4031 ct
499 3984 555 4031 not.
575 3975 615 4029 78.
704 3977 751 4044 69)
775 3978 833 4032 Cic.
854 3975 934 4032 Brut.
956 3978 1006 4044 61,
1022 3977 1066 4034 86
1155 3975 1201 4044 76)
1224 3977 1280 4032 Gir.

232 4061 348 4132 Republ.
365 4060 439 4118 116.
527 4060 574 4128 71)
592 4061 647 4114 Cic.
659 4061 780 4134 Philipp.
797 4061 888 4118 1114.
913 4063 988 4120 Pbrt.
1005 4062 1052 4118 Ao
1069 4060 1144 4119 sent
1162 4065 1203 4118 ott
1218 4079 1280 4134 φιν.

232 4163 309 4220 recp.
328 4163 355 4218 p.
375 4147 431 4204 1³5.
450 4153 478 4200 et
492 4161 594 4218 praec.
609 4146 696 4217 polit.
716 4165 744 4220 ῃ.
764 4147 822 4204 156.
840 4147 915 4204 iintt.
1007 4147 1053 4218 76)
1070 4146 1150 4205 Brut.
1168 4148 1220 4216 61,
1236 4147 1279 4202 66.

231 4231 278 4301 76)
296 4232 317 4302 6.
334 4232 376 4289 16.
464 4229 683 4299 conruere.
