2660 4776
233 422 382 496 seems
403 420 702 510 meduanilis
723 421 826 496 hoto.
847 421 958 498 mer.
1033 428 1123 506 1111

74 597 106 668 (t
135 598 241 666 duas
268 601 303 666 Ρ.
329 599 465 683 Sulploio
492 597 645 682 praelatus
670 608 715 664 ent
732 597 797 681 (¹⁴).
844 601 947 666 diario
971 603 1000 668 ie
1022 599 1123 670 (iluna

74 703 176 767 arhen
189 703 353 766 mendino
370 701 460 779 alula
481 709 659 784 reeuperata
675 701 781 767 Sullae
795 701 928 768 uiotoriia
948 721 983 768 re
998 705 1124 788 publiea

74 821 110 867 ne
130 805 216 866 huius
239 801 358 885 quidem
380 801 509 885 aliquem
532 803 660 868 drotum
679 805 835 887 percipere
855 805 949 871 uoluit
968 813 998 868 et
1017 806 1124 870 dotri-

73 906 296 987 oium-pertinen
317 905 493 968 eommeroio
514 913 683 969 constanter
701 903 916 987 aisdnuitOl).
948 903 1024 970 linat
1044 907 1122 970 entur

72 1008 115 1068 ita
135 1005 295 1081 mnatre,
322 1013 355 1068 ut
379 1007 460 1070 ritae
486 1003 601 1070 dedistis
628 1015 658 1070 et
680 1007 847 1071 diutim
870 1009 969 1072 trude
992 1005 1124 1072 liberter

72 1115 217 1182 uteretur,
246 1106 298 1169 ned
322 1121 376 1170 nee
400 1105 454 1170 han
477 1123 568 1171 arare
589 1116 747 1190 premeret
772 1123 826 1172 neo
845 1109 908 1172 illln
930 1109 1064 1192 eupitius
1085 1126 1122 1173 aa

72 1209 279 1288 ingurgitaret.
320 1207 396 1272 Ante
418 1209 603 1272 doutelatunn
623 1227 652 1274 a.
674 1209 738 1275 det
760 1219 875 1291 gestaru
900 1209 1122 1294 ineloquentia

72 1309 182 1388 insigni
202 1307 359 1388 diligentia
379 1309 547 1374 elahoratit
574 1317 604 1374 et
630 1309 746 1394 aliquot
772 1314 856 1376 annis
883 1313 1021 1396 princeps
1049 1329 1121 1374 ora·

73 1418 167 1474 torum
189 1411 307 1474 habitus
331 1417 390 1488 est,
412 1427 477 1474 oum
498 1411 604 1476 {littero
626 1413 722 1477 honre
734 1415 861 1478 abesset
881 1429 945 1478 eunt
966 1413 998 1476 in
1018 1413 1121 1478 hama

72 1511 305 1592 profametur
333 1520 521 1592 quaesturam
547 1511 733 1580 Sieiliennern
758 1531 877 1595 gerens.
918 1515 1016 1579 Etiam
1036 1521 1121 1596 post-

73 1629 165 1693 quam·
184 1613 342 1676 mammam
363 1621 509 1677 oomamsn
530 1611 704 1679 Hortensius
732 1617 835 1680 tonsol
856 1613 1027 1698 designatus
1054 1633 1123 1678 oum

73 1714 168 1777 aedile
190 1711 347 1794 designato
365 1713 509 1778 (liaerore
530 1717 633 1780 inbuit
654 1719 686 1780 in
705 1733 799 1780 onusa
815 1718 933 1793 Verris,
955 1715 1122 1798 despiciens

72 1815 231 1890 muman,
264 1814 344 1896 qnod
376 1817 518 1880 neminem
548 1818 748 1882 oonsularinm
779 1819 837 1882 sihi
867 1835 970 1902 paren
996 1817 1121 1894 uideret,

72 1904 192 1980 multum
213 1917 327 1995 laxauit
346 1915 520 1980 industriam
544 1925 573 1980 et
594 1919 721 1998 singulis
742 1921 826 1984 annis
848 1922 944 2000 magis
965 1920 1123 2000 magisque

72 2017 107 2080 de
125 2019 254 2100 pristina
273 2019 381 2082 shuts
401 2020 507 2081 amisit.
549 2018 612 2082 Sed
633 2037 653 2081 a
674 2021 819 2084 Gioerone
838 2022 961 2083 oonsule
986 2023 1017 2082 in
1038 2035 1121 2083 oam-

71 2137 140 2201 pum
162 2117 282 2199 gloriae
296 2127 454 2183 renouatus
472 2115 585 2183 viribus
600 2119 722 2182 reieotis
741 2137 836 2201 usque
860 2121 898 2183 ad
914 2121 993 2184 uitae
1011 2121 1120 2183 anitum

70 2223 100 2282 iu
126 2221 245 2284 summis
272 2221 370 2283 onmis
397 2219 558 2282 maotandln
585 2234 646 2282 nnn
673 2235 740 2284 oum
759 2221 814 2286 illo
836 2227 970 2287 versutus
994 2229 1038 2284 est
1053 2217 1120 2302 (¹⁸).

155 2321 386 2384 Hortensianis
412 2321 507 2384 literis
534 2339 593 2386 non
618 2322 709 2404 plane
733 2323 856 2405 hospes,
884 2321 937 2386 aed
963 2331 1071 2386 natura
1090 2329 1122 2386 ot
1185 2370 1189 2388 .

70 2424 223 2488 uoluntate
250 2423 289 2484 ah
310 2423 347 2484 iis
374 2423 466 2505 paulo
493 2421 621 2488 alienior
648 2431 722 2488 erat.
764 2424 1015 2500 carminarem,
1044 2441 1122 2506 quos
1180 2469 1181 2476 1

70 2525 232 2607 antiquitas
259 2526 413 2588 invenusta
436 2524 509 2586 dixit
524 2521 595 2606 (¹⁹);
625 2527 768 2590 hletoriee
794 2525 968 2590 seriberiae
994 2525 1122 2588 studiant

70 2626 194 2708 aliquod
215 2626 331 2700 trihuit‚'
346 2631 390 2710 jut
409 2633 508 2688 tamen
529 2628 603 2712 nihil
623 2636 743 2709 praeter
763 2645 869 2692 nomeu
885 2627 1035 2691 annalium
1056 2628 1120 2690 eius

70 2735 313 2790 oonmemoretur
330 2721 393 2808 (²⁰).
437 2727 497 2790 Sed
517 2729 735 2810 philosophiam
756 2730 1004 2811 multiplioeurque
1026 2729 1121 2794 Grae·

69 2845 173 2892 ooruur
194 2827 358 2891 dootdnom
379 2843 492 2892 omnent
511 2830 563 2892 rix
585 2837 769 2906 gustaverat:
795 2847 855 2910 pua
876 2829 1048 2904 recidero,
1070 2830 1122 2910 qui

69 2933 101 2992 in
111 2927 296 2992 hosdemiois
313 2931 389 2991 huno
404 2929 612 3010 philosophiae
628 2929 831 2991 aduersarium
847 2929 1045 2991 oonedtuissst
1055 2925 1121 3009 (²¹),

71 3047 136 3094 oum
166 3049 186 3092 a
212 3047 244 3093 se
274 3031 313 3092 ad
338 3029 506 3090 mutandam
533 3029 705 3090 seutentiam
732 3028 888 3090 adductum
916 3027 1033 3106 sorihit,
1064 3027 1122 3094 hoo

70 3135 167 3214 magis
187 3132 252 3196 veri
273 3129 459 3191 similitudini
479 3128 594 3192 cuidam
616 3129 754 3210 dialogos
775 3129 905 3207 deserti,
934 3133 1020 3212 marn
1041 3133 1122 3221 reri-

70 3235 126 3297 tati
146 3231 287 3296 tribuisse
309 3220 454 3314 putandus
477 3237 535 3319 ests
572 3231 647 3294 Hine
671 3233 813 3294 mammas
835 3231 1022 3314 eloquentiae
1042 3230 1122 3296 lior·
1213 3304 1221 3316 ‚

71 3336 225 3399 teusianae
242 3331 373 3396 horestus
392 3333 590 3412 cognoscitur.
623 3332 695 3397 (lum
711 3333 785 3396 enim
807 3335 949 3397 memoria
963 3335 1122 3398 uerborum

72 3455 163 3500 eursu
189 3443 220 3498 et
239 3435 356 3497 humine
380 3451 454 3496 uooe
481 3435 565 3499 sueri
593 3442 622 3498 et
643 3449 755 3497 oerore
776 3435 900 3498 eodonis
922 3435 1067 3514 dignitate
1093 3441 1123 3499 et

71 3543 225 3602 venustate
248 3543 429 3617 praestaret,
459 3555 478 3597 a
504 3544 613 3599 natura
640 3535 779 3616 quioquid
808 3553 946 3613 maguum
972 3521 1122 3600 oratorem

72 3641 147 3702 lacit
171 3645 336 3720 acceperat.
379 3635 440 3700 Sed
460 3637 506 3698 his
531 3635 715 3698 namralihus
737 3636 822 3698 honis
844 3635 969 3698 oouhsus
990 3653 1056 3698 eum
1076 3635 1122 3700 di·

74 3740 175 3803 sosrdi
194 3735 329 3802 lahorem
351 3745 576 3819 aspernaretur,
598 3749 652 3798 nee
673 3734 1012 3800 remansurorum
1034 3739 1123 3820 oopia

74 3845 182 3904 ornare
200 3849 229 3902 et
245 3841 391 3902 instruere
408 3846 543 3914 curaret,
563 3833 735 3918 adolescens
748 3837 868 3920 'quidem
886 3837 1123 3902 adolescentibus

146 4003 190 4072 td)
209 4003 267 4060 cis
285 3999 530 4059 dedentem.
555 3999 635 4057 Brut.
652 4001 702 4071 88,
719 4001 783 4058 301.
872 3999 917 4066 17)
935 3999 992 4054 cto.
1010 3999 1123 4052 Divetn.

75 4089 107 4144 ιι.
127 4085 168 4145 to.
258 4087 307 4158 ro)
323 4089 379 4145 cte.
395 4087 475 4146 erue.
493 4087 545 4156 es,
561 4085 619 4142 oto.
644 4085 693 4154 on,
710 4085 771 4142 ono.
860 4083 904 4150 no)
924 4081 1082 4139 selinon.
1096 4081 1122 4135 e.
1181 4138 1183 4143 .

75 4171 196 4229 11111111.
210 4171 372 4244 Epp.V-.3.=
452 4173 501 4241 111)
516 4172 641 4229 Velleius
656 4171 689 4228 11.
705 4172 746 4229 lo.
826 4167 880 4237 tl)
900 4168 957 4225 Cle.
971 4166 1056 4224 ΑΜ.
1072 4161 1112 4222 Ψ

77 4259 124 4330 te,
141 4259 185 4318 61.
213 4254 338 4316 bactani.
355 4257 420 4316 lust.
439 4256 486 4314 111.
505 4257 545 4314 16.
872 4251 876 4256 ’
