2646 4772
411 401 607 472 BRU'PUS
637 397 727 472 GAP.
749 403 802 473 85.
1028 405 1130 481 m

87 575 119 642 ia
142 571 265 642 caelum
285 569 374 640 ellert
399 571 547 640 laudibus
568 571 775 660 Protagoram
796 571 941 661 Hippiam
964 571 1130 642 Prodicum

88 691 234 777 Gorgiam
256 700 393 772 ceteros,
420 711 456 759 se
478 701 580 758 autem
602 694 738 760 omnium
759 711 863 762 rerum
889 693 1022 758 inscium
1042 691 1130 778 impii

86 819 114 878 et
139 810 258 878 rudem.
300 807 399 878 Decet
426 809 486 877 hoo
507 812 617 878 nescio
644 831 704 898 quo
726 809 819 878 modo
846 809 948 876 illum:
974 829 1034 876 neo
1054 807 1129 898 Epi-

85 947 172 1008 curo,
195 931 248 1016 qui
265 928 298 995 id
314 927 527 1016 reprehendit,
549 930 716 996 assentior.
760 926 827 996 Sed
847 931 880 996 iu
896 927 1045 1007 historia,
1066 947 1129 1016 qua

84 1056 113 1112 tu
134 1067 168 1114 cs
189 1065 266 1114 usus
294 1048 430 1114 inomni
455 1065 616 1125 sermone,
648 1065 717 1114 cum
740 1045 843 1134 qualis
866 1049 997 1135 quisque
1020 1056 1129 1114 orator

83 1163 189 1233 luisset
207 1183 397 1254 exponeres,
418 1165 508 1246 vide,
529 1183 666 1252 quaeso,
688 1167 803 1252 iuquit,
819 1185 860 1232 ue
877 1175 941 1232 tam
957 1163 1128 1252 reprehen-

83 1280 181 1350 denda
204 1285 246 1350 sit
267 1285 370 1352 iroula
391 1303 483 1370 quam
508 1285 541 1352 ia
560 1285 749 1352 testimonio.
792 1283 865 1350 293.
893 1282 1051 1364 Quorsus,
1080 1285 1127 1350 iu·

83 1419 188 1485 quam,
213 1402 315 1468 istucl
349 1421 413 1468 nou
434 1404 518 1470 euim
539 1401 699 1488 intellego.
743 1400 826 1482 Quia
849 1403 995 1490 primum,
1019 1403 1128 1489 iuquit,
1162 1461 1174 1474 .

83 1519 124 1584 ita
149 1518 321 1588 laudavisti
342 1520 495 1606 quosdam
524 1530 683 1600 oratores,
710 1530 743 1588 ut
771 1522 931 1608 imperitos
952 1539 1065 1608 posses
1095 1521 1128 1586 iu

82 1653 218 1706 errorem
239 1637 397 1706 inducero.
430 1635 583 1726 Equidem
601 1640 634 1706 in
650 1637 835 1724 quibusdam
855 1641 953 1706 risum
972 1641 1026 1708 vix
1040 1647 1128 1704 terre-

81 1751 163 1832 bam,
192 1775 265 1846 oum
291 1755 398 1824 Attico
420 1752 540 1840 Lysiae
563 1754 714 1824 Catonem
741 1765 881 1824 nostrum
909 1755 1127 1842 comparum,

82 1891 240 1962 magnum,
274 1893 323 1942 me
348 1871 502 1951 Hercule,
527 1870 684 1940 homiuem
709 1871 762 1940 vel
789 1875 890 1960 potius
917 1893 1069 1940 summum
1096 1883 1127 1940 et

80 1991 271 2076 singularem
291 1994 406 2060 virum:
428 2011 521 2058 nemo
544 1990 626 2060 dicet
648 2010 759 2070 secus3
782 1990 839 2056 sed
862 1973 1036 2058 oratoremt
1069 1991 1128 2058 sed

79 2113 172 2178 etiam
203 2109 322 2196 Lysiae
359 2109 522 2202 simileml
557 2129 618 2196 quo
650 2108 729 2176 mihil
760 2117 862 2196 potest
895 2128 968 2176 esse
1003 2111 1126 2196 pictius.
1208 2105 1215 2120 “

76 2221 169 2296 Beha
195 2231 315 2310 ironia,
349 2231 378 2298 si
406 2231 598 2308 locaremur3
631 2229 682 2294 sim
710 2232 948 2306 asseveramus,
979 2227 1052 2296 vida
1083 2247 1124 2294 ua

78 2345 193 2432 religio
223 2347 316 2416 mobis
348 2356 412 2416 tam
444 2347 623 2416 adhihenda
651 2349 707 2426 sit,
740 2366 832 2433 quam
862 2347 891 2412 si
916 2348 1127 2414 testimouium

78 2461 261 2534 diceremus.
304 2464 378 2534 294.
404 2465 472 2554 Ego
502 2469 585 2536 enim
607 2465 758 2536 Catonem
784 2475 868 2532 tuum
895 2467 1065 2545 mairem,
1094 2475 1128 2534 ut

138 2648 186 2694 299.
212 2651 347 2708 diceremus]
362 2652 468 2696 dieamus.

143 2803 205 2860 293.
241 2804 377 2875 quorsus]
401 2804 538 2873 antiquius
558 2802 612 2856 hoc
629 2811 657 2856 et
674 2804 763 2857 rarius
781 2804 855 2874 apud
873 2803 1050 2878 Ciceronem,
1075 2807 1126 2862 sed

76 2889 303 2960 praeferendum,
334 2888 397 2957 quia
425 2887 468 2942 ed.
494 2905 536 2957 pr.
566 2895 594 2940 et
618 2887 697 2942 codd.
726 2888 812 2941 nostri
840 2889 867 2940 iu
894 2905 929 2941 eo
959 2891 1125 2959 conspirant.

78 2971 226 3036 Quorsum
247 2971 300 3026 soll
324 2972 375 3026 Gu.
396 2971 418 3027 l.
436 2971 461 3026 2.
488 2979 516 3026 et
534 2971 650 3025 sortasse
668 2971 735 3025 Par.
755 2972 788 3026 l).
815 2971 958 3039 exhibent,
985 2975 1047 3029 libri
1067 2994 1127 3031 curu

74 3057 146 3113 Vera.
163 3057 187 3113 l.
212 3061 237 3111 sc
255 3056 306 3128 hg.
323 3055 348 3110 8.
366 3055 408 3110 51.
432 3055 642 3128 haudquaquam
665 3055 835 3111 conserendi.
852 3087 888 3098 -
913 3059 1062 3130 iutedlepo]
1085 3063 1126 3117 sic
1237 3093 1242 3106 ·

74 3139 126 3214 hg.
152 3143 178 3198 8.
202 3141 244 3199 35.
272 3143 314 3198 51.
348 3139 405 3198 ou.
437 3173 469 3184 -
505 3141 678 3211 laudavisti]
710 3141 846 3196 taddaeus
868 3141 918 3214 lag.
943 3143 985 3197 29.
1011 3144 1054 3200 35.
1082 3147 1124 3202 58.

77 3229 119 3283 ed.
140 3247 180 3300 pr.
199 3257 235 3272 »-
255 3229 374 3302 posses]
392 3231 497 3300 possis
514 3229 578 3283 ollm
599 3229 797 3300 praeferebam.
832 3227 914 3282 Nunc
930 3229 1010 3284 aliter
1026 3234 1126 3301 sentio,

75 3313 124 3366 sed
148 3331 204 3369 nou
228 3315 291 3384 quia
313 3318 412 3387 pressis
434 3313 571 3387 significet
592 3314 621 3367 id
647 3317 736 3386 egisse
753 3315 930 3382 Ciceronem,
957 3323 986 3368 ut
1006 3316 1125 3373 lecturos

76 3395 240 3454 iu‘errorem
261 3399 417 3467 induceret,
443 3401 516 3470 quod
535 3398 641 3456 0rellio
657 3403 760 3464 visum3
783 3399 832 3453 sed
858 3400 922 3470 qula
939 3405 1042 3473 possis
1060 3411 1126 3458 tem·

77 3499 126 3552 pus
152 3485 220 3539 illud
243 3493 363 3556 spectet,
390 3504 445 3556 quo
464 3487 569 3541 Atticus
593 3487 727 3555 loquitur,
751 3485 828 3554 quasi
850 3502 922 3538 nunc
945 3503 1053 3556 quoque
1077 3490 1125 3542 all·

77 3567 121 3636 qui
145 3572 173 3624 lu
198 3587 320 3625 errorem
342 3571 434 3625 induci
457 3573 569 3642 possint.
592 3601 627 3612 —
657 3567 806 3633 tenebam,
829 3571 909 3638 cum]
932 3578 964 3626 ut
985 3589 1052 3626 cum
1075 3573 1126 3630 Er·

76 3664 153 3710 nesto
183 3657 316 3727 placebat.
359 3657 416 3710 Sed
445 3658 625 3729 negligentius
650 3656 771 3726 loquitur
796 3673 848 3726 pro
874 3656 1002 3727 colloquii
1031 3659 1127 3716 indole

79 3735 174 3795 Cicero
193 3750 220 3796 et
238 3738 427 3814 σχετλιάζοντα
445 3744 563 3797 Atticum
579 3741 653 3796 facit.
672 3771 707 3782 -
731 3759 779 3796 me
797 3741 935 3812 Hercule]
954 3745 994 3798 sic
1011 3743 1061 3817 hg.
1080 3746 1122 3804 39.

79 3821 118 3880 53.
140 3826 181 3880 58.
200 3827 241 3882 79.
260 3857 296 3869 -
326 3828 380 3881 sed
399 3829 561 3895 oratorem]
581 3832 628 3881 siu
646 3845 688 3882 or.
706 3827 757 3899 Lg.
776 3828 800 3882 8.
816 3827 873 3894 55,
894 3829 1038 3898 eidemque
1059 3849 1125 3885 ruox

78 3911 122 3964 edu
145 3916 246 3966 ettam.
264 3941 300 3956 -
326 3931 382 3984 poto
405 3913 493 3982 uitet]
519 3912 599 3984 quod
621 3931 650 3968 u.
669 3912 719 3984 hg.
738 3913 755 3966 8
772 3929 843 3968 sorr.
868 3914 903 3966 35
922 3929 992 3967 corr.
1018 3913 1059 3968 39.
1079 3916 1121 3971 51.

77 3991 117 4049 53.
136 3997 178 4052 58.
195 3997 236 4053 70.
253 4029 289 4040 -
310 4001 434 4072 μάταιε]
451 3999 615 4072 perfectius
636 3999 736 4070 placuit
753 3999 854 4068 Sarpio
873 3998 927 4055 Qu.
946 3997 1018 4052 Phil.
1038 4015 1064 4067 p.
1080 3999 1122 4053 48.

79 4085 104 4131 et
125 4081 260 4154 Meyer03
288 4084 438 4138 defendunt
466 4086 603 4158 vulgatam
629 4085 696 4139 Eru.
723 4082 791 4136 Lex.
816 4082 896 4137 Rhet.
925 4080 987 4136 Lat.
1011 4101 1038 4154 p.
1064 4083 1123 4139 285.

77 4158 256 4224 Protscherus
271 4169 307 4222 ad
321 4169 436 4228 Quintil.
454 4171 489 4225 X.
510 4169 539 4238 l,
557 4171 614 4239 78„
633 4167 764 4226 Orelllus.
779 4198 815 4207 -
842 4166 928 4231 cide,
945 4169 993 4236 me]
1007 4169 1074 4224 udde
1089 4175 1124 4223 ut

79 4245 128 4310 Ga.
148 4253 224 4309 1.-
250 4255 426 4324 diceremus]
453 4256 590 4314 dicantus
606 4255 674 4314 Era.
698 4256 828 4328 ignorem
853 4253 1041 4326 imperfectum
1059 4272 1083 4310 c‘
