2660 4776
198 425 265 496 02
356 417 505 489 BllllVlS
526 415 823 499 ELOQUENTIAE
845 416 947 485 Rom.
969 417 1079 486 lllS'l.

198 592 350 660 suetudine
371 599 449 656 artes
470 593 514 654 rei
536 591 675 674 publicae
695 591 783 653 utiles
805 589 941 654 disceret.
983 589 1045 652 Nec
1065 590 1095 653 id
1117 597 1180 652 tum
1201 591 1246 652 rei

197 695 334 778 publicae
354 693 468 770 nocuit,
496 711 583 773 quam
609 710 647 754 ex
667 699 778 754 mutata
804 691 1006 774 reipublicae
1028 693 1126 755 forma
1148 689 1246 765 duxit,

197 805 230 859 ut
252 795 376 858 devitari
402 812 461 856 non
490 801 599 875 posset.
640 793 687 856 En
714 793 790 856 enim
812 810 871 854 non
895 794 955 854 iam
976 801 1095 855 senatus
1117 791 1245 855 consilio

197 895 301 977 populi
318 895 407 956 iussis
425 895 647 974 magistratuum
662 901 808 975 potestate
829 894 1003 973 regebatur,
1027 893 1080 956 sed
1102 913 1122 954 a
1138 893 1245 974 paucis

197 997 392 1078 principibus,
418 997 468 1076 qui
488 996 656 1074 ingentibus
681 994 789 1057 diuitiis
811 995 985 1075 magnisque
1006 993 1152 1056 clientelis
1175 993 1245 1054 sub-

197 1098 259 1160 nixi
283 1099 408 1177 primnm
434 1097 594 1159 domestica
619 1096 795 1174 largitione,
823 1094 927 1157 deinde
949 1095 980 1159 ri
1006 1095 1129 1156 militari
1150 1093 1245 1158 domi-

197 1201 344 1261 nationem
372 1199 578 1279 arripuerunt;
609 1195 687 1276 quod
713 1197 820 1260 malum
848 1197 937 1258 altius
961 1196 1126 1272 insederat,
1157 1213 1245 1276 mam

198 1299 278 1381 qnod
293 1299 397 1364 Sullae
418 1299 536 1377 legibus
558 1299 689 1378 quamde
706 1298 848 1378 cupientis
868 1298 1032 1360 tolleretur.
1067 1298 1118 1361 Sic
1134 1297 1245 1359 factum

199 1408 260 1474 est,
287 1407 318 1462 ut
338 1399 460 1460 ndlitum
482 1417 538 1480 ope
558 1399 682 1480 primum
703 1398 832 1475 Caesar,
861 1399 965 1461 deinde
986 1399 1166 1463 Octauianus
1183 1399 1246 1460 Aue

199 1509 302 1581 gustus
331 1501 449 1562 sublata
474 1500 611 1562 libertate
641 1499 680 1562 ad
708 1499 841 1579 regalem
868 1501 1028 1582 potentiam
1054 1499 1243 1562 eniterentur.

197 1601 232 1664 ln
253 1619 289 1664 eo
310 1603 520 1680 igitnrrerum
541 1601 738 1664 Romanarum
761 1608 852 1675 statu,
878 1602 905 1662 si
926 1621 946 1662 a
967 1601 1111 1664 Cicerone
1132 1600 1244 1662 Gatone

199 1711 228 1765 et
248 1702 432 1784 paucissimis
455 1702 522 1764 aliis
545 1701 694 1776 discedas,
721 1701 792 1782 quid
813 1701 1014 1764 adolescentes
1043 1701 1155 1764 arinis
1176 1707 1243 1762 tunc

197 1805 229 1865 in
260 1820 294 1864 re
321 1802 441 1885 publica
468 1805 583 1882 magnis
615 1803 686 1864 boni
719 1809 747 1864 et
775 1803 890 1864 honesti
918 1801 1032 1864 discere
1058 1801 1242 1884 potnerunt?

197 1904 309 1968 Eratne
328 1905 399 1966 boni
420 1905 546 1986 exempli
565 1903 617 1968 Gn.
630 1903 764 1984 Pompeii
784 1903 904 1980 leuitas,
928 1922 987 1984 qna
1004 1903 1091 1966 modo
1112 1909 1243 1964 senatum

197 2006 346 2079 tuebatur,
374 2005 460 2068 modo
482 2006 586 2087 populi
607 2005 735 2085 gratiam
756 2005 895 2084 captabat
916 2012 945 2066 et
964 2005 1041 2066 inter
1062 2004 1243 2084 optimatium
1317 2065 1318 2072 ,

199 2113 227 2167 et
249 2105 435 2186 popularium
456 2107 614 2169 factionem
636 2106 722 2186 quasi
742 2105 853 2167 medius
871 2107 1043 2167 constitutus
1065 2105 1180 2168 arbiter
1200 2103 1243 2165 rei

197 2207 334 2288 publicae
356 2207 414 2268 sibi
434 2208 513 2269 uisus
537 2215 595 2282 est,
623 2206 715 2268 donec
736 2225 848 2269 omnem
868 2208 927 2270 rim
946 2208 978 2268 in
999 2205 1159 2270 Gaesarem
1181 2223 1243 2268 ces-

198 2309 273 2368 sisse
295 2305 522 2369 animaduertit?
566 2305 666 2382 Quid?
697 2306 729 2369 G.
753 2308 881 2384 Caesar,
910 2302 1042 2388 quamvis
1065 2325 1177 2368 summo
1199 2307 1243 2367 in-

105 2391 112 2408 ’
198 2409 287 2487 genio
308 2405 473 2488 praeditus,
495 2425 563 2468 num
580 2407 780 2470 adolescentia
796 2410 889 2488 regiis
904 2409 1025 2488 flagitiis
1042 2407 1242 2482 dehonestata,

197 2507 326 2572 uiolento
350 2505 503 2568 consulatu
530 2513 558 2568 et
580 2507 773 2570 Catilinariae
795 2509 1007 2590 perduellionis
1026 2509 1197 2590 suspicione
1217 2515 1244 2570 et
1317 2557 1318 2564 ,

199 2607 336 2670 credibili
356 2615 385 2668 et
407 2605 519 2667 credita
537 2625 604 2670 num
621 2611 807 2690 antiquorum
822 2610 1020 2672 Romanorum
1040 2610 1146 2672 similis
1162 2609 1241 2674 ride·
1317 2649 1318 2690 p

196 2708 307 2771 batur?
340 2706 440 2784 Quid?
461 2707 556 2768 inanis
574 2709 609 2786 Q.
625 2711 775 2772 Hortensii
796 2711 946 2790 elegantia
966 2719 995 2772 et
1008 2711 1133 2792 puerilis
1154 2711 1240 2772 luxu·
1317 2751 1318 2786 ,

197 2811 245 2872 ria
266 2829 334 2872 num
354 2807 473 2870 laudari
491 2811 631 2889 poterat?
655 2819 688 2894 pt
711 2811 832 2874 Clodios
855 2819 883 2873 et
899 2811 1033 2876 Vatinios
1055 2819 1083 2874 et
1098 2809 1240 2876 Curiones
1317 2853 1318 2890 t

198 2917 227 2973 ct
255 2911 398 2974 Milonem
425 2898 503 2971 casu'
528 2912 623 2990 magis
649 2911 751 2974 utilem
779 2913 825 2974 rei
852 2912 990 2994 publicae
1022 2931 1111 2992 quam
1136 2913 1239 2974 bonurn
1317 2954 1318 2992 ,

96 3038 98 3045 ·
198 3012 289 3075 civem
308 3019 471 3086 taceamus,
506 3018 535 3072 et
560 3011 707 3092 reliquam
734 3013 850 3074 turbam
875 3013 1021 3074 lominum
1042 3013 1239 3074 consulatibus
1313 3054 1318 3098 ¹,

198 3119 226 3174 et
246 3113 377 3174 censuris
398 3112 571 3191 insignium,
594 3112 647 3174 sed
667 3113 750 3175 nulla
768 3133 802 3176 re
825 3113 922 3176 libera
942 3113 1116 3194 republica
1137 3113 1238 3192 digno·
1317 3156 1318 3196 p

197 3229 270 3274 rum.
313 3209 470 3291 Reliquum
508 3212 600 3298 igitur
630 3232 718 3276 unum
748 3213 824 3276 illud
856 3221 938 3289 erat,
976 3221 1008 3276 nt
1040 3214 1237 3277 adolescentes

199 3312 378 3376 Graecorum
394 3311 489 3374 literis
512 3319 541 3374 et
560 3330 580 3374 a
596 3312 718 3377 Graecis
739 3315 864 3378 instituti
884 3315 974 3398 plane
989 3331 1095 3380 noram
1111 3313 1238 3378 ducendi
1317 3357 1318 3394 ,

197 3413 276 3477 riam
295 3412 413 3474 inirent.
468 3409 481 3424 ¹
1091 3406 1097 3418 “

667 3541 768 3665 §.aa
852 3619 853 3626 Ν

520 3696 617 3752 Sermo
635 3697 776 3752 Romanus
794 3696 925 3753 excultus.

282 3817 476 3898 Praecipuum
504 3819 690 3900 eloquentiae
720 3820 940 3882 instrumentum
971 3818 1097 3880 accessit
1126 3817 1234 3881 exculto

199 3924 228 3979 ct
250 3917 341 3981 ditato
368 3935 502 3982 sermone
529 3920 633 3982 latino.
677 3919 754 3983 Olim
777 3923 852 3984 enim
879 3921 972 3982 latine
992 3920 1077 4000 loqui
1097 3937 1159 3983 non
1178 3921 1235 3981 erat

198 4019 271 4080 artis
293 4026 322 4084 et
339 4020 441 4097 studii,
464 4020 516 4082 sed
536 4038 607 4082 usus
629 4027 717 4101 atque
735 4021 949 4087 consuetudinis
956 4043 965 4096 ;
988 4019 1074 4084 domo
1096 4021 1148 4102 qni
1166 4035 1234 4081 nnn·

198 4137 286 4202 guam
301 4120 434 4183 exierant
456 4107 511 4182 nec
526 4135 653 4202 peregre
669 4123 826 4204 quicquam
840 4123 976 4186 viderant
994 4121 1044 4186 rel
1060 4121 1234 4190 audiverant

199 4235 250 4284 eos
271 4221 414 4284 familiari
435 4220 562 4303 quodam
584 4229 613 4288 et
632 4223 812 4288 hereditario
833 4224 912 4288 bono
933 4221 1026 4288 latine
1045 4222 1161 4287 locutos
1180 4233 1233 4282 non
1317 4241 1318 4244 ¹
