2660 4776
273 443 363 514 124
423 434 1158 520 11111118ΕΕΟΟΗΕΝΤΙΑΕΒΟΜἯΙΞΤ.

272 613 427 695 sequulem
456 612 486 670 G.
514 613 662 670 Curionem
686 611 778 674 uerbo
803 610 1002 674 transmittere
1032 610 1110 674 licet.
1153 611 1181 672 Is
1210 631 1327 674 summo

264 716 390 794 ¹ingenio
412 711 563 794 praeditus
583 712 712 799 aprima
728 711 954 772 odolescentia
946 731 976 773 nn
993 714 1071 774 omni
1087 729 1198 791 genere
1214 714 1327 793 prolui
1326 757 1327 788 .

271 816 418 880 uolutatus
437 832 499 875 rem
519 812 667 894 publicam
688 813 833 887 turbavit,
855 812 907 874 sed
928 830 982 874 nec
1004 813 1042 874 ud
1060 811 1179 874 laudem
1196 815 1305 876 moturi·
1326 815 1327 894 t

268 918 338 980 tutis
360 916 511 978 oratoriae
530 914 664 994 persenit
683 930 737 974 nec
759 914 861 992 scripti
882 914 1039 994 quicquam
1059 911 1191 994 reliquit.

357 1018 433 1080 Gens
467 1015 572 1078 Coelio
604 1015 720 1076 summis
754 1015 915 1076 honoribus
947 1015 1048 1076 iuncto
1079 1033 1138 1076 uon
1173 1021 1219 1076 est
1250 1020 1327 1098 aucep

263 1117 305 1182 c.
326 1118 459 1183 Coelium
479 1115 603 1180 Cnidum
624 1115 773 1177 consulem
795 1133 859 1176 cnm
882 1113 935 1178 Gn.
956 1115 1085 1176 Domitio
1107 1133 1136 1175 u.
1159 1115 1239 1187 oco;
1266 1101 1327 1173 sed'

269 1221 356 1282 huius
376 1219 505 1292 familia,
528 1217 610 1278 cuins
628 1217 714 1277 etism
735 1215 813 1296 epod
831 1217 1003 1279 Ciceronem
1019 1217 1138 1296 saepius
1153 1215 1261 1275 mendo
1275 1212 1307 1284 tit,

271 1339 336 1382 cum
358 1319 461 1381 Coelio
489 1325 609 1379 oratore
636 1317 720 1378 nulls
748 1319 924 1395 cognatione
944 1319 1045 1378 iuncto
1065 1317 1130 1377 init.
1174 1319 1220 1374 M.
1244 1314 1307 1374 enim

273 1421 384 1480 caeneus
399 1419 495 1492 Rufus
512 1425 597 1498 patre
613 1419 710 1497 equite
724 1417 872 1494 Romano,
894 1419 944 1498 qni
959 1417 1091 1480 Puteolis
1107 1416 1307 1494 negotiaretur,

272 1521 386 1599 genitus
409 1527 453 1580 est
472 1519 573 1580 ecdem
590 1537 646 1599 quo
667 1517 700 1582 d.
717 1519 849 1582 Licinius
867 1519 976 1584 Celsus
993 1536 1085 1592 nuno,
1109 1519 1163 1580 Gn.
1181 1515 1306 1579 Carbone

269 1621 386 1682 tertium
408 1627 436 1679 ct
453 1617 485 1682 G.
501 1619 602 1681 Morio
618 1617 650 1681 G.
668 1619 702 1680 F.
728 1620 910 1695 consulibus,
934 1639 962 1682 a.
979 1639 1008 1682 u.
1027 1621 1089 1681 672
1101 1614 1161 1696 (²).
1195 1616 1306 1679 Artibus

271 1739 291 1782 a
311 1728 396 1800 putre
411 1721 475 1782 uiro
495 1721 681 1782 severissimo
699 1719 858 1800 diligenter
881 1720 1012 1782 eruditus
1030 1727 1074 1782 est
1094 1727 1122 1780 et
1143 1717 1306 1779 adolescens

271 1821 309 1883 od
339 1822 510 1884 Ciceronem
531 1820 558 1880 do
577 1820 621 1882 Μ.
644 1817 782 1882 Crassum
810 1821 962 1897 deductus,
992 1838 1116 1902 quornm
1143 1817 1308 1897 disciplinae

270 1931 300 1984 et
326 1923 454 1984 moribus
483 1923 663 1982 insuesceret
681 1916 740 1998 (³).
783 1922 844 1986 Sed
865 1923 962 1984 formu
983 1923 1119 2002 corporis
1141 1919 1252 1980 eximio
1270 1917 1307 1976 in·

269 2025 357 2103 genio
376 2022 509 2084 mutabili
528 2030 556 2083 et
571 2021 655 2083 facili
678 2021 717 2082 od
734 2023 807 2084 uitio
823 2023 990 2104 praeditus,
1012 2041 1076 2084 cum
1095 2015 1309 2083 untessicerooi

269 2125 449 2187 consulatum
470 2124 582 2204 petenti
604 2122 732 2184 dedisset
753 2141 888 2204 operum,
916 2142 984 2186 mox
1006 2123 1165 2187 Catilinam
1185 2118 1308 2181 libidini-

268 2226 368 2287 nuso
393 2225 512 2286 luxurio
539 2223 741 2285 adolescentes
768 2223 825 2284 sibi
851 2226 1054 2306 pignerentsm
1076 2229 1241 2284 essentutns
1264 2225 1307 2280 est.

267 2323 383 2386 Deinde
418 2342 482 2385 cnm
513 2324 548 2398 Q.
577 2325 717 2404 Pompeio
748 2334 957 2405 propraetore,
992 2341 1076 2404 quem
1102 2323 1307 2384 sanctissimum

268 2425 361 2488 uirum
382 2424 452 2485 dicit
474 2423 578 2486 Gicero
591 2419 657 2502 (⁴),
679 2425 710 2486 iu
728 2426 832 2488 Africo
852 2426 916 2488 fuit.
959 2425 1030 2488 Inde
1050 2441 1188 2487 reversus
1206 2422 1241 2484 G.
1256 2423 1308 2482 An·

267 2525 349 2586 tonio
378 2524 528 2586 consulari
552 2525 668 2586 homine
696 2529 864 2608 turpissimo
888 2525 1053 2588 accusando
1074 2526 1202 2606 primum
1227 2522 1307 2584 docn-

268 2632 393 2687 meutum
418 2625 577 2689 uoluntatis
606 2627 637 2687 in
661 2645 722 2688 rem
744 2629 891 2708 publicum
913 2627 1001 2689 dedit.
1045 2624 1241 2701 Quaestorem
1262 2621 1309 2682 etsi

267 2727 389 2805 Pighius
414 2745 441 2788 u.
464 2727 525 2789 697
555 2725 647 2788 inisse
674 2729 750 2803 nult,
780 2729 913 2809 equidem
935 2730 1011 2790 hunc
1032 2726 1237 2805 magistratum
1258 2739 1308 2782 non

261 2834 334 2888 'onte
354 2828 522 2908 Pompeium
544 2827 571 2889 dn
593 2827 730 2892 Crassum
752 2828 906 2891 secundum
927 2828 1061 2892 consules
1082 2828 1121 2888 ab
1144 2845 1181 2888 eo
1204 2832 1309 2905 gestum

266 2927 449 2990 crediderim.
482 2927 561 2989 [nter
583 2937 770 3008 quaesturam
787 2937 815 2992 et
831 2931 1015 2999 tribunatum,
1026 2939 1102 2989 amo
1121 2929 1184 2988 702
1201 2932 1308 3004 gestum

264 3029 418 3090 interiecto
438 3029 552 3092 uidetur
568 3029 665 3090 alteru
681 3032 830 3092 accusatio
848 3030 957 3104 Caelii,
980 3047 1038 3110 qno
1053 3029 1089 3090 L.
1109 3027 1309 3108 Sempronium

265 3131 429 3192 Atratinum
448 3137 607 3208 praeturae
630 3130 816 3192 candidatum
837 3131 1006 3192 deumhitu
1025 3128 1209 3192 reumdecit
1256 3121 1308 3188 Sed

265 3249 335 3292 mox
361 3231 399 3290 ab
420 3231 505 3291 huins
529 3229 591 3291 iilic
614 3232 791 3294 snnbornante
812 3232 920 3296 Clodiu
941 3233 1011 3294 olim
1032 3250 1052 3292 a
1073 3247 1105 3291 se
1128 3235 1231 3290 amatu
1251 3228 1309 3306 ipse

265 3331 302 3391 de
327 3332 358 3393 ui
380 3337 408 3391 et
428 3330 568 3392 ueneficio
589 3333 752 3411 postulatus
775 3341 832 3394 est:
860 3341 963 3396 contro
986 3349 1073 3413 quam
1095 3329 1308 3391 accusationem

265 3432 379 3512 etipse
400 3447 433 3492 se
454 3430 583 3493 defendit
604 3440 633 3493 et
649 3432 995 3516 Ciceronom'putronnm
1015 3433 1131 3509 habuit,
1154 3433 1240 3494 coins
1262 3447 1308 3490 ox·

262 3571 472 3582 -ι--ι--ι

265 3669 293 3714 et
310 3661 345 3713 ed
359 3660 407 3715 dul.
421 3661 513 3718 Rufin.
532 3679 559 3732 p.
574 3664 632 3718 ull.
651 3673 678 3719 et
696 3665 791 3720 confer
801 3666 932 3720 mendose
944 3666 1046 3734 scripto
1059 3665 1132 3734 apud
1146 3664 1222 3718 Plio.
1234 3662 1268 3716 Η.
1278 3658 1307 3714 N·

259 3743 326 3797 Ι1711.
344 3745 386 3798 49.
417 3745 534 3800 Diouem
558 3747 783 3804 Gessium'Xle.
802 3750 844 3806 99.
871 3751 1070 3820 &Appianum
1095 3749 1224 3818 pluribus
1250 3744 1309 3800 locis

259 3829 327 3883 -liort
346 3831 457 3883 secundi
476 3831 510 3886 de
529 3833 604 3888 bello
622 3836 704 3890 civili.
744 3833 863 3890 Caelius
887 3853 922 3888 en
944 3835 1061 3889 Coelius
1081 3833 1262 3887 scribendum
1280 3829 1308 3881 sit

262 3915 395 3969 incertum
413 3925 467 3982 est3
494 3917 528 3971 de
552 3920 638 3974 nuruis
661 3937 688 3974 v.
709 3921 816 3989 Zumpt.
841 3921 876 3974 nd
893 3919 974 3975 Verr.
995 3921 1092 3972 Auens.
1110 3916 1158 3970 lv,
1177 3917 1233 3984 70,
1251 3913 1309 3976 181,

256 4000 299 4054 de
323 4001 461 4056 codicibus
480 3999 660 4073 Oudendorp.
687 4005 722 4057 nd
739 4005 815 4060 Suet.
836 4005 915 4060 Cass.
933 4005 976 4059 48.
999 4003 1057 4058 'Ex
1080 4001 1165 4057 titulis
1190 4003 1309 4068 utrisque

262 4085 412 4158 scripturae
422 4088 584 4142 documento
597 4089 654 4158 petr
662 4097 789 4160 possunt
803 4107 831 4144 v.
841 4097 935 4144 nostru
944 4090 980 4143 ud
989 4089 1044 4145 Orc
1056 4088 1092 4142 de
1102 4085 1152 4142 0r
1162 4085 1248 4166 135
1258 4082 1309 4138 117.

257 4201 261 4208 -
332 4171 360 4234 9)
382 4171 454 4228 Ptin.
467 4171 508 4224 H.
511 4171 548 4228 N.
560 4171 619 4228 VH.
634 4173 701 4231 49.-
764 4175 793 4242 3)
813 4174 870 4280 Gis.
885 4173 997 4230 Caedi.
1023 4172 1136 4232 Quintil.
1151 4169 1216 4228 Xll.
1233 4170 1279 4234 ll,
1288 4168 1309 4221 o

264 4254 292 4318 A)
311 4245 367 4310 etc.
386 4255 462 4311 Geel.
480 4255 523 4310 31.
