2640 4780
341 407 532 478 neurus
554 407 646 482 car.
667 409 789 482 arna.
907 388 918 403 “
999 409 1090 486 aar

48 597 102 666 qne
122 595 179 646 rea
199 576 352 648 audiatur.
395 579 453 648 aad
472 578 552 650 nihil
573 580 737 660 vitimiro,
764 597 874 668 pam,
903 597 973 648 cura
996 599 1089 648 unum

48 717 156 785 corpus
178 697 292 764 debeat
313 716 386 766 esse
405 697 616 778 defensionis,
640 702 732 768 nurci
749 698 787 768 da
809 701 931 784 integro
950 717 1090 778 canaam,

48 836 112 884 cum
137 819 180 884 eit
208 815 249 884 ab
278 815 377 886 ultera
404 827 561 906 perorata.
603 817 677 886 209.
706 815 850 884 Omnium
871 818 953 884 enim
975 833 1090 886 cauca·

47 954 109 1000 mm
139 955 235 1002 unum
265 945 313 1002 cat
333 935 476 1004 naturale
499 937 699 1024 principium,
728 956 792 1004 una
810 937 984 1024 peroratio:
1013 933 1090 1005 rell-

49 1073 123 1140 quaa
141 1063 249 1142 parter
271 1055 363 1140 quani
385 1053 525 1122 membra
546 1073 604 1122 auo
621 1073 763 1142 quaeque
783 1053 856 1122 loco
878 1053 984 1122 locuto
1000 1053 1100 1122 euam'

48 1181 74 1236 et
99 1174 162 1239 uim
193 1182 224 1240 ct
253 1172 435 1260 dignitatem
458 1181 573 1240 tenent.
617 1169 694 1240 Cum
715 1174 824 1240 lactem
846 1169 973 1240 dificile
996 1173 1037 1240 ait
1056 1175 1090 1240 tn

46 1288 137 1377 lunga
164 1294 307 1359 oratione
336 1307 401 1358 non
420 1289 590 1378 aliquando
612 1288 732 1378 ahquid
754 1291 799 1358 ita
824 1289 947 1370 dicere,
974 1299 1006 1360 ut
1026 1287 1090 1358 eibi

47 1408 108 1494 ipsa
126 1429 191 1476 non
207 1410 386 1478 conueniet:
403 1419 518 1498 quanto
534 1408 693 1478 dimetitur
713 1427 826 1478 cavare
841 1429 882 1478 no
898 1407 973 1497 qnid
988 1407 1088 1488 dicae,

47 1526 123 1610 quod
148 1543 215 1596 non
244 1530 409 1596 conveniat
436 1530 505 1596 aina
532 1530 683 1606 orationi,
717 1529 771 1616 qui
798 1537 870 1596 anto
896 1536 927 1596 ta
956 1526 1089 1597 dineritt

47 1640 107 1712 Sed
135 1649 213 1734 qnia
241 1656 272 1714 et
297 1645 391 1716 labor
416 1646 511 1714 multo
535 1649 637 1716 malor
655 1657 704 1714 cat
731 1656 827 1716 totam
847 1665 976 1718 canaam
996 1663 1090 1732 quam
1126 1627 1141 1642 ⁸

30 1759 159 1848 ‘partem
191 1766 298 1834 dicere
330 1775 360 1832 at
389 1767 465 1854 quia
488 1765 595 1854 plures
625 1767 769 1833 ineuntur
794 1766 933 1849 gratiae,
969 1764 998 1830 oi
1025 1783 1088 1834 uno

46 1890 177 1970 tompore
209 1884 299 1956 dicar
319 1904 376 1974 pro
399 1883 555 1974 pluribus,
585 1883 706 1952 idcirco
727 1881 809 1952 banc
833 1879 1089 1950 consuctudimn

47 1997 184 2071 lubenter
207 2003 386 2070 ascivimus.

121 2117 232 2186 LVIII.
258 2120 332 2186 210.
358 2115 456 2186 Erant
483 2127 586 2186 tamen
614 2115 726 2204 quibus
746 2115 904 2184 videretur
924 2114 1011 2184 illius
1033 2133 1089 2182 aa·

45 2239 112 2304 tatia
139 2241 252 2308 tertius
279 2236 393 2318 Gurdo,
428 2237 503 2324 quia
528 2226 792 2324 splendidioribus
818 2234 955 2304 domasse
981 2232 1087 2300 uerbis

44 2355 184 2424 utebatur
216 2367 246 2424 et
278 2359 355 2444 quia
386 2353 499 2422 LaIIne
535 2373 598 2422 non
632 2373 777 2441 mosoma
806 2351 993 2442 loquebatur
1019 2371 1088 2428 usu,

46 2473 154 2554 credo,
184 2474 290 2562 aliquo
319 2471 504 2552 domestico;
534 2493 608 2539 nam
633 2471 795 2538 literarum
822 2469 987 2537 admodum
1008 2467 1088 2536 nibiI

46 2591 172 2660 sciebat.
223 2589 289 2658 Sed
314 2592 421 2677 magni
452 2594 582 2658 intereat
611 2608 689 2676 quos
718 2590 849 2676 quIsque
874 2587 982 2654 audlat
1008 2607 1087 2676 quo-

45 2707 114 2776 tidie
133 2710 234 2789 domi,
255 2707 438 2795 quibuscum
458 2708 605 2796 loquatur
625 2727 775 2795 apuam,
798 2726 889 2796 quem
906 2705 1088 2774 admodum

45 2837 164 2910 patres,
192 2826 389 2916 paedagogi,
413 2835 530 2890 matrca
551 2826 646 2888 etiam
665 2823 843 2910 loquantur.
886 2821 961 2886 211.
989 2817 1089 2905 Legi-

46 2961 108 3010 mus
145 2942 299 3033 cpistolas
332 2939 501 3008 Corneliae
540 2941 650 3004 matria
685 2937 918 3006 Gracchorum:
960 2946 1088 3024 apparet

45 3143 87 3210 43,
103 3145 207 3200 177.-
226 3141 265 3198 ob
279 3141 338 3214 dia]
355 3143 396 3199 alc
407 3139 459 3215 hg.
473 3135 640 3213 praeteriti.
652 3135 711 3208 35„
728 3136 801 3194 Van.
811 3139 835 3195 I.
846 3135 872 3194 3.
889 3136 941 3194 (lu.
954 3138 977 3194 I.
991 3137 1035 3196 ed.
1047 3155 1089 3212 pr.

45 3226 94 3284 Vul
115 3231 198 3288 oddo.

96 3250 171 3371 g208.
207 3331 321 3388 quoque
337 3315 381 3384 re]
400 3331 434 3368 re
451 3327 504 3366 om.
522 3309 573 3367 Gu.
592 3311 618 3366 l.
634 3339 671 3350 —
697 3310 849 3380 maxumi]
872 3315 914 3364 est
930 3306 1091 3364 Buttmanni

47 3401 113 3457 coni.
132 3403 193 3460 Act.
213 3402 277 3458 Soc.
297 3400 353 3457 Ien.
372 3399 394 3458 I.
412 3399 455 3456 aa.
474 3396 567 3458 ,Libri
587 3406 615 3453 et
633 3397 694 3454 edd.
711 3400 854 3452 maxime.

110 3486 169 3542 209.
206 3487 282 3558 loco]
302 3503 355 3542 om.
374 3475 426 3546 Gn.
446 3487 469 3544 l.
487 3513 523 3524 -
545 3483 824 3550 cuometodm1aic
843 3480 923 3535 codd.
942 3489 970 3534 et
987 3479 1029 3534 ed.
1046 3496 1087 3554 pr.

48 3559 138 3628 Labrb.
162 3589 247 3628 auam
269 3575 337 3628 clm.
356 3600 392 3612 —-
419 3568 479 3625 sthi
501 3572 574 3644 ipse]
603 3567 659 3623 tadu
679 3571 741 3639 dpci
763 3566 829 3620 Idru.
855 3565 949 3618 maluit
974 3573 1090 3636 propter

46 3669 159 3726 sequena
173 3658 273 3722 dicas,
288 3656 406 3714 Beierus
419 3655 478 3710 salt
491 3659 558 3732 ipat.
586 3652 731 3708 sententia
744 3651 892 3706 subiectam
904 3649 988 3705 habet
1002 3652 1090 3706 nollo·

48 3751 106 3794 uem
130 3743 299 3814 generalem,
325 3743 448 3814 oIIquda,
471 3744 525 3806 τὶς,
552 3739 653 3808 quippe
676 3741 728 3808 qut
750 3735 842 3800 adlati,-
865 3735 964 3790 deinde
988 3737 1088 3792 sensim

50 3821 165 3882 deflectit
186 3828 221 3881 ad
238 3835 416 3898 praeceptum
433 3825 533 3883 dicenti
551 3821 684 3888 dandum,
708 3839 793 3891 quara
812 3823 934 3893 sequitur
958 3839 994 3876 oe
1014 3821 1090 3893 pald

50 3906 138 3965 dicas.
173 3911 206 3966 V.
227 3929 300 3983 quae
324 3911 484 3966 coatullmua
507 3911 535 3962 in
558 3907 713 3978 Explicio
737 3907 772 3962 de
797 3905 997 3971 0r.1.8‚3o.
1025 3906 1088 3958 coll.

49 3986 210 4068 Bernhardy
227 3999 306 4069 Synt.
322 3996 370 4050 Gr.
390 4014 416 4067 p.
430 3995 489 4049 titt.
506 4023 543 4036 -
566 3992 713 4060 lubenter]
733 3991 856 4046 libenter
873 3990 916 4046 ed.
934 4007 974 4058 pr.
992 3989 1088 4044 hamb.

51 4073 98 4130 Gu.
109 4083 130 4136 I.
149 4081 452 4154 1513353938.-
468 4079 642 4147 madelmus]
660 4077 682 4132 d
698 4077 762 4132 add.
779 4075 832 4146 lug.
850 4081 961 4146 praeter
978 4072 1089 4140 33561,

51 4156 86 4216 lta
103 4174 130 4219 et
146 4167 169 4238 5.
185 4167 262 4233 uli,
281 4167 328 4222 ubi
344 4165 450 4220 accedit
466 4164 509 4220 ³5.

114 4250 213 4310 LVIII.
246 4253 308 4312 ato.
339 4251 490 4327 perronae]
508 4250 548 4306 alc
563 4247 615 4320 Ing.
632 4247 659 4306 8.
677 4245 721 4305 35.
738 4244 780 4302 51.
796 4243 839 4302 53.
857 4241 900 4298 58.
917 4241 958 4300 70.
988 4237 1045 4302 ott
