2660 4776
258 389 352 464 m
420 381 570 454 cecus
590 381 889 466 rtottttttrtrttttt
909 383 1013 453 ttort
1035 385 1145 454 tttsr.

258 560 318 626 diia
349 565 438 638 atque
464 573 498 620 ae
529 555 626 637 ipsun
654 554 784 618 deditum
814 557 853 618 aia
879 556 999 622 ineunte
1030 563 1128 624 aetate
1153 558 1299 622 inissent

257 677 398 727 sumnam
415 656 599 737 diemissa
619 659 853 738 gravitatemque
874 664 904 722 et
920 658 1078 722 teritorum
1098 667 1128 722 et
1149 660 1299 724 seutentia-

257 779 323 826 rttat
350 776 425 841 prae
454 776 487 822 ae
512 758 616 822 tulisse
630 753 694 840 (Ν).
736 759 829 822 iiuiaa
852 757 951 822 laudis
978 766 1093 840 partem
1122 761 1297 822 consortiae

256 861 363 936 tribui,
386 878 447 942 qua
460 859 625 924 Menoetius
645 859 772 924 mutue
790 858 894 926 consul
913 860 1096 941 optimatium
1113 879 1235 926 causan
1254 859 1297 920 ad-

256 981 361 1030 uersus
391 961 531 1026 &uaria
563 960 720 1026 audaciam
746 961 792 1030 ret
819 960 959 1042 publicae
985 963 1141 1026 exitiosam
1169 960 1297 1033 defendit,

255 1063 405 1145 auspicari
432 1063 498 1126 iure
522 1061 601 1126 licet.
650 1063 759 1128 Verum
785 1061 841 1126 iile
867 1063 1048 1139 consortia,
1077 1081 1143 1126 eum
1171 1080 1297 1141 magnas

257 1165 348 1230 animi
375 1163 539 1230 firmitatem
567 1163 750 1238 ostenderet,
782 1163 939 1245 prudentia
966 1164 1056 1245 plane
1084 1163 1297 1228 destituebatur.

253 1267 332 1332 Erat
357 1265 434 1328 enim
459 1263 625 1326 Marcellus
649 1264 680 1328 ia
707 1266 767 1340 eia,
799 1266 851 1346 qui
880 1265 1021 1346 Pompeio
1051 1265 1181 1328 eaeciter
1207 1262 1296 1325 conisi

258 1367 420 1434 Gaesarem
442 1365 527 1432 taciti
555 1366 677 1446 negotio
703 1366 806 1445 frangi
836 1373 867 1430 et
894 1367 991 1430 obteri
1020 1383 1110 1448 posse
1135 1364 1294 1428 crederent:

257 1487 318 1550 qua
340 1467 377 1532 de
393 1484 485 1530 muta
504 1483 567 1531 reru
580 1466 743 1547 pucttaau,
763 1486 852 1548 quam
873 1467 1031 1533 defendere
1051 1474 1206 1549 poteraut,
1230 1465 1295 1530 Gae-

253 1587 326 1636 aare
342 1571 493 1650 insperato
508 1567 664 1646 ingruente
679 1567 880 1634 deseruerunt.
912 1567 1031 1634 Laudes
1046 1568 1128 1630 iliius
1145 1567 1295 1638 oratoriae,

253 1672 283 1734 ai
310 1669 506 1733 aGieeronia
531 1668 697 1735 testimonio
725 1669 915 1747 moueris,
941 1687 1000 1736 uon
1023 1669 1105 1734 ultra
1131 1683 1294 1732 commemo-

254 1779 341 1836 ratae
361 1771 558 1852 reperiuntur.

340 1871 472 1936 Eandem
495 1871 526 1933 iu
551 1869 731 1951 republica
755 1889 891 1947 caueam,
918 1869 971 1938 aeti
996 1869 1183 1950 iflceuiosius
1206 1876 1236 1932 et
1255 1884 1293 1928 aa·

254 1973 381 2056 pientius
402 1972 539 2036 tuebatur
559 1975 605 2036 Μ.
626 1975 747 2034 Pataita
768 1973 849 2036 cato.
891 1971 921 2036 Ia
947 1972 974 2034 ai
998 1972 1093 2036 minna
1115 1969 1233 2049 rigidus
1252 1985 1294 2030 ex·

253 2075 376 2138 andaset
401 2073 517 2138 umuds
537 2079 760 2154 propugnator,
790 2072 886 2152 magia
910 2073 1082 2154 profuturus
1104 2079 1170 2138 erat
1195 2067 1293 2132 dadai

254 2175 342 2238 maiia
363 2176 424 2238 auia
445 2175 625 2254 turgeaeeuti
646 2181 676 2238 et
696 2173 855 2252 ambiguae
874 2174 952 2238 tuter
971 2173 1139 2238 libertaoem
1160 2179 1192 2234 et
1211 2168 1293 2232 doni·

253 2275 413 2338 medonem.
456 2275 507 2336 Sic
534 2282 632 2336 autem
652 2273 753 2336 nobile
779 2275 979 2355 spectaculum
1000 2293 1038 2340 en
1058 2291 1159 2342 retem
1179 2270 1292 2336 historia

254 2376 433 2438 eximeretur
447 2374 505 2438 tiri
519 2374 550 2435 iu
566 2375 634 2456 ipsa
648 2375 775 2437 omnium
790 2373 860 2438 labe
877 2394 913 2439 aa
929 2377 1016 2438 ruina
1031 2375 1143 2439 inuicti.
1171 2373 1215 2436 Μ.
1228 2370 1291 2434 Gaio

254 2475 331 2536 enim
350 2475 484 2553 uigorem
505 2475 595 2537 animi
611 2473 747 2539 Censorii
766 2475 849 2538 iltius
869 2478 976 2558 proavi
1000 2476 1048 2538 aui
1068 2473 1229 2546 retinebat,
1248 2467 1291 2532 sed

252 2576 285 2638 iu
310 2574 445 2637 dissimili
472 2592 570 2638 rerum
595 2582 689 2652 statu,
716 2575 797 2657 quod
821 2576 906 2656 leges
934 2584 962 2638 et
988 2576 1124 2639 instituta
1149 2574 1315 2656 urniorum,¹

254 2675 360 2757 quibua
388 2684 601 2739 anoratorum
626 2677 748 2740 lieentia
767 2677 882 2740 tuendis
901 2677 955 2740 iile
979 2677 1107 2740 intentus
1130 2682 1208 2748 erat,
1235 2687 1314 2757 euap

252 2774 359 2838 dudum
379 2775 496 2858 perdita
518 2784 630 2852 essent,
655 2776 813 2840 defendere
833 2795 893 2840 uon
913 2779 1016 2859 potnit.
1060 2777 1113 2842 Sia
1134 2775 1225 2854 igitur
1245 2787 1290 2834 en

250 2877 283 2938 in
303 2894 336 2940 se
358 2877 507 2941 custodire
527 2886 557 2942 et
578 2885 717 2960 mantum
738 2885 842 2959 postet
861 2878 977 2941 libidini
996 2877 1160 2960 potentium
1187 2875 1215 2936 in
1235 2873 1262 2934 di
1309 2918 1312 2958 p

251 2979 395 3039 crescenti
419 2979 574 3044 aduersari
601 2979 745 3054 decrerit,
773 2979 884 3042 medina
912 2980 990 3041 inter
1016 2979 1090 3041 duas
1117 2983 1217 3058 partes
1274 3031 1276 3035 ,
1310 3019 1311 3061 3

232 3097 380 3160 ·ttnt1uam
401 3079 516 3144 delictis
538 3081 665 3144 aliorum
685 3079 855 3158 indulgens,
884 3080 972 3142 etiam
993 3079 1020 3142 si
1041 3079 1073 3141 id
1094 3079 1142 3140 rei
1162 3076 1238 3162 pult'
1309 3131 1310 3138 ,

250 3179 415 3242 ooudueere
434 3180 592 3244 rideretur.
637 3181 733 3246 Genua
755 3179 871 3245 timendi
891 3181 954 3244 eiua
976 3179 1066 3261 quale
1087 3178 1192 3253 suerit,
1248 3175 1255 3190 '

251 3279 358 3342 Gieero
375 3297 413 3342 ue
429 3297 534 3344 nomeu
549 3281 665 3362 quidem
681 3282 860 3352 inoratorea
878 3257 1022 3354 refutarit
1038 3281 1188 3361 suspicari
1201 3287 1251 3340 tau

249 3377 331 3442 lieet.
367 3379 474 3444 Totum
491 3383 567 3444 enim
584 3383 752 3446 Stoicorum
773 3382 923 3444 sententiis
942 3381 1194 3446 accommodatum
1213 3397 1225 3440 s

249 3499 315 3544 rum
335 3481 487 3566 aequabili
502 3483 628 3566 quadam
643 3482 845 3546 moderatione
865 3489 1059 3564 temperatum
1081 3483 1121 3544 ab
1139 3481 1242 3559 omnip
1279 3487 1280 3490 ’
1306 3479 1307 3500 ’

249 3581 334 3644 cendi
354 3583 547 3664 monendique
561 3584 713 3647 uoluntate
734 3583 861 3646 alienum
878 3590 958 3658 erat,
977 3584 1030 3645 uni
1045 3584 1182 3648 ueritatis
1196 3585 1276 3664 patre

250 3681 329 3748 einis
355 3682 484 3761 iactum,
514 3685 763 3766 Areopagitarum
791 3683 930 3746 nntitme
962 3702 1052 3767 quam
1076 3684 1142 3750 illia
1170 3679 1274 3746 moriiat

249 3782 506 3848 accommodatius.
535 3783 618 3848 Raro
634 3783 751 3850 dieeirat
766 3801 821 3850 nee
837 3785 895 3847 uisi
915 3791 1040 3866 propter
1056 3783 1275 3868 rempublicam

248 3899 316 3945 num
338 3884 490 3966 scripserit
510 3887 665 3968 quiequam
686 3883 816 3948 dubitari
833 3884 931 3960 lieet(
956 3888 980 3965 ).

249 4040 459 4058 -Ψᾳ--μι-υ

317 4130 365 4198 att
389 4131 447 4188 iiie
463 4129 542 4189 Brut.
560 4132 608 4198 tt,
623 4131 685 4188 250.
771 4132 819 4200 95)
848 4129 922 4190 rtem
938 4131 1030 4192 Bruto
1054 4133 1124 4196 data
1145 4134 1209 4195 auci
1224 4133 1280 4198 tu

251 4213 375 4272 demumr
393 4233 412 4272 a
428 4215 561 4312 cicerone
575 4215 655 4276 torua
672 4215 722 4286 ³1,
740 4217 798 4276 lttt.
