2660 4776
407 414 601 486 BRUTUS
623 415 716 486 GAP.
736 421 767 488 2.
1025 417 1114 494 155

66 605 152 654 sunu
180 595 215 654 et
243 585 434 656 beatissimo
460 591 531 658 rire
556 589 746 673 cogitemus,
772 588 862 658 illurn
887 589 991 678 petius
1019 607 1113 677 quan

65 715 186 774 namet
213 707 304 794 ipsus
332 705 467 794 diligere
485 707 656 776 videamur.
699 707 730 775 5.
751 705 834 776 Nanr
855 711 884 776 si
905 707 939 776 id
960 707 1114 788 delemus,

65 824 145 910 quud
164 845 207 892 eu
232 827 297 892 iarn
316 805 378 894 frui
398 825 492 894 nubis
512 827 687 908 nonlicet,
707 838 847 896 nostruin
862 838 911 896 est
931 826 965 896 id
979 825 1113 894 melun:

65 943 144 1028 quud
171 942 299 1050 pudice
324 943 478 1025 seranus,
505 966 545 1014 ne
573 945 606 1014 id
627 967 691 1014 nun
713 947 755 1016 ad
777 949 961 1026 amicitiam,
991 943 1049 1013 sed
1071 943 1114 1014 sd

65 1059 272 1130 domesticam
301 1051 466 1132 utilitatem
496 1064 616 1132 reierrc
647 1063 819 1134 videamur.
867 1068 933 1146 siu,
964 1073 1114 1152 tanqusrn

65 1177 110 1244 illi
135 1180 202 1267 ipsi
231 1180 413 1250 acerbitatis
440 1181 560 1270 aliquid
582 1184 745 1264 acciderit,
776 1185 935 1272 ungimur,
962 1201 1113 1254 summan

47 1299 128 1364 eius
151 1297 341 1370 felicitatem
361 1321 425 1370 non
445 1304 524 1370 setis
546 1313 638 1389 gratu
660 1305 764 1372 anino
786 1305 1033 1394 interpretamur.

144 1413 186 1486 11.
211 1418 243 1486 6.
265 1415 303 1486 iit
330 1421 415 1488 enirn
439 1423 469 1488 si
489 1423 609 1490 uiueret
631 1421 891 1504 annaneane,
919 1431 1027 1490 cetera
1047 1419 1114 1490 ier·

65 1542 146 1602 tasse
170 1535 371 1606 desideraret
391 1557 455 1607 nna
476 1561 545 1608 curn
566 1541 697 1630 reliquis
718 1541 811 1610 bunis
834 1551 865 1610 et
886 1541 1019 1610 iuribus
1035 1539 1114 1608 ciri-

65 1651 132 1732 bus,
160 1653 248 1724 hnne
276 1668 329 1726 aut
353 1669 480 1745 praeter
503 1669 626 1728 ceteras
649 1669 703 1728 ant
722 1681 793 1730 cunr
812 1663 924 1750 paucis
945 1661 1114 1728 sustineret

67 1769 225 1851 delorem.
249 1755 320 1847 curt
347 1777 448 1846 iarun
473 1779 579 1867 pupuli
605 1777 754 1858 Romani,
784 1779 868 1868 qued
888 1779 1001 1846 inisset
1022 1777 1114 1864 quasi

65 1889 218 1962 theatrum
250 1894 337 1962 illins
369 1898 491 1984 ingeni,
522 1918 601 1966 rues
628 1899 751 1966 erudita
778 1908 810 1966 et
834 1897 985 1966 Romans
1013 1895 1114 1964 Grae-

65 2011 171 2098 cisque
207 2011 336 2082 auribus
367 2014 465 2100 digna
497 2017 663 2104 spoliata·
696 2025 788 2104 atque
816 2016 958 2084 urbatum
982 2015 1114 2082 videret.

66 2127 93 2194 7.
119 2127 276 2220 Equidem
303 2129 405 2220 auqur
433 2136 537 2202 nime
564 2154 629 2202 nun
653 2134 783 2213 consili,
808 2153 873 2200 uun
899 2134 1024 2218 ingeni,
1050 2151 1115 2200 nun

67 2254 261 2318 auctoritatis
290 2255 386 2320 aruris
413 2273 508 2339 egere
535 2253 800 2342 rempublicam,
833 2272 915 2340 qnae
943 2250 1115 2318 didiceram

69 2374 202 2437 tractare
230 2370 403 2458 quibusque
431 2393 480 2440 nne
508 2373 744 2442 assuefeceram
765 2391 907 2462 maeque
930 2379 1020 2439 eraut
1040 2389 1115 2458 prn-

67 2489 133 2569 nria
153 2509 228 2556 curn
249 2493 439 2576 praestantis
458 2495 493 2557 in
513 2512 548 2559 re
562 2493 690 2582 publica
703 2493 778 2570 riri,
796 2501 861 2558 tunt
874 2491 955 2558 hene
973 2499 1115 2558 muratae

69 2613 96 2669 et
119 2606 206 2675 bene
234 2610 419 2676 constitutae
442 2613 587 2680 civitatis.
632 2610 727 2692 Quod
746 2613 775 2678 si
796 2612 854 2679 init
874 2614 909 2680 irr
928 2629 964 2678 re
986 2607 1116 2698 publica

70 2733 185 2814 ternpus
219 2725 332 2806 nllurn,
363 2747 434 2796 curn
466 2739 650 2816 extorquere
677 2750 767 2798 arnna
790 2741 900 2816 posset
925 2751 944 2796 e
970 2727 1117 2796 manibus

70 2842 219 2914 iratorum
241 2847 354 2912 ciuium
374 2845 451 2912 huni
474 2848 553 2914 civis
575 2850 746 2914 auctoritas
768 2857 799 2912 et
820 2849 936 2924 aratio,
957 2855 1022 2912 turn
1042 2864 1116 2932 prc-

71 2959 147 3033 iens
170 2966 246 3043 fuit,
267 2983 338 3030 cuna
357 2965 566 3050 patrecinium
584 2965 674 3051 pae'n
697 2963 857 3031 adanu
876 2972 928 3030 sss
941 2971 995 3028 ant
1008 2981 1117 3032 encre

129 3219 150 3262 a
179 3219 221 3262 eet
231 3217 325 3270 praeter
336 3213 436 3270 uetans]
447 3217 526 3260 antem
535 3218 627 3270 prester
638 3218 736 3262 ceteros.

73 3386 99 3452 3,
115 3387 154 3444 la.
166 3417 204 3430 -
228 3386 306 3442 irasc
323 3393 376 3442 aut
389 3392 517 3460 praeter
532 3394 645 3444 ceteros
664 3387 729 3456 aut]
745 3387 787 3440 sic
804 3385 875 3442 cuni.
893 3382 995 3450 0reil.;
1016 3383 1043 3439 Ιι
1062 3402 1117 3442 au-

74 3477 130 3530 rsa
145 3505 185 3518 --
208 3479 261 3528 aaut
279 3473 345 3529 litu.
363 3470 454 3528 fland.
466 3472 500 3536 ¹in
514 3472 628 3528 Turseli.
646 3491 674 3543 qa
687 3473 746 3528 516.
764 3481 782 3526 t.
795 3471 829 3541 1.·;
847 3473 911 3526 iibri
930 3489 1025 3526 amnes
1041 3470 1070 3526 a.
1089 3479 1119 3530 et

71 3566 318 3628 praemarenus
336 3565 397 3616 aaa
414 3587 450 3602 —-
478 3559 591 3630 ingeni]
611 3559 651 3612 sie
667 3556 719 3628 lug.
735 3557 762 3610 8.
780 3557 823 3614 51.
848 3556 918 3612 Ven.
936 3558 960 3612 l.
996 3557 1120 3614 Perrare

75 3641 140 3702 haec
152 3649 290 3716 scriptura
300 3647 398 3700 emieat
414 3645 443 3698 in
458 3643 508 3698 Gn.
519 3643 559 3710 1.;
576 3643 627 3698 sed
640 3659 700 3696 cunr
712 3658 822 3714 semper
833 3641 923 3698 banos
934 3642 1022 3700 libros
1035 3650 1120 3702 astes

76 3727 186 3801 haheat,
203 3733 232 3788 iu
249 3731 339 3787 &uin
355 3731 434 3786 unice
449 3747 520 3786 nera
538 3729 656 3784 videtur.

140 3820 164 3874 7.
201 3835 296 3889 ungor
314 3818 430 3886 amo}
451 3833 479 3871 a.
499 3817 598 3870 animi·
613 3813 773 3882 Manutw
795 3816 921 3878 codicum
938 3813 989 3886 lug.
1008 3815 1027 3870 8
1046 3829 1119 3870 eurr.

77 3901 155 3962 Aliud
166 3912 209 3960 est
222 3921 333 3974 aaqcn,
349 3903 423 3958 aliud
436 3901 553 3975 peredeo
567 3903 678 3964 autimi,-
696 3900 766 3956 hanc
779 3903 916 3970 antiquam
929 3917 991 3954 esse
1008 3899 1122 3954 abistivi

78 3984 188 4044 turnsm
204 3987 341 4055 affirmat„
356 4005 413 4043 nun
431 3967 531 4058 prdbat
543 3985 635 4044 Klotz.
654 3986 853 4042 anicienses.
871 3985 891 4042 1.
908 3985 951 4040 dd
970 4002 998 4055 p.
1012 3983 1071 4040 138.
1085 4011 1121 4026 ‹-

61 4073 188 4144 daqenss
204 4075 245 4130 sic
261 4075 312 4146 lug.
329 4075 356 4130 8.
373 4075 416 4130 51.
443 4073 513 4131 Ven.
533 4072 557 4128 l.
577 4102 608 4116 ψ
632 4073 728 4148 egere]
745 4075 812 4144 qsri
829 4073 900 4127 enni.
919 4069 1069 4128 Corradus.
1085 4093 1122 4114 ν·-

79 4161 309 4234 amasaeorum]
327 4158 441 4230 udesoefi
460 4157 511 4230 lug.
529 4157 553 4212 8.
571 4159 666 4212 51-
692 4157 793 4230 paud}
811 4155 1007 4232 castaus-ed.
1026 4170 1067 4226 pr.
1086 4182 1122 4194 -

81 4248 190 4317 enm]
206 4263 319 4314 unua,
333 4254 364 4302 nt
375 4245 498 4312 videtur,
510 4243 593 4306 cusu,
602 4250 734 4310 aurare,
743 4243 877 4302 umente
887 4242 971 4298 dcere
981 4255 1016 4298 es
1028 4238 1121 4310 priore
