2674 4782
251 347 348 476 'roo
649 394 914 467 oroscopus
1200 429 1236 458 .
1329 477 1331 481 J

259 572 433 640 orationes:
466 568 599 658 simplex
632 568 756 656 quidem
788 565 826 635 L.
859 579 891 636 et
923 565 1176 658 antiquus,·1Sp.
1210 580 1336 671 auam,

258 688 358 756 nihilo
390 687 445 754 ille
474 688 598 774 quidem
630 675 785 766 ornatior,
818 687 877 753 sed
905 696 1009 754 tamem
1035 687 1208 754 astrictior.
1261 690 1316 754 fuit

258 809 342 873 emim
369 805 478 873 doetus
505 825 546 872 ex
572 805 741 892 disciplina
767 802 954 873 Stoicorum.
1003 803 1126 872 Multae
1154 816 1232 872 suut
1261 805 1314 892 Sp.

257 923 368 991 Albiui
391 925 561 990 orationes.
605 921 685 990 Sunt
711 925 805 990 etiam
826 920 864 987 L.
887 933 918 989 et
946 920 980 988 G.
1005 923 1211 990 Aureliorum
1237 921 1316 990 Orc-

259 1052 393 1120 starum,
426 1061 504 1128 quos
538 1041 645 1129 aliquo
676 1041 770 1125 video
796 1043 830 1107 iu
856 1060 986 1108 numero
1012 1052 1173 1108 oratorum
1200 1041 1316 1108 fuisse.

257 1161 309 1226 ct.
338 1158 372 1225 Ρ.
400 1162 495 1226 ctiam
519 1157 660 1248 Popilius
693 1180 763 1226 cum
789 1161 869 1226 civis
897 1160 1045 1244 egregius
1072 1169 1136 1226 tum
1165 1179 1238 1227 mom
1273 1163 1336 1230 iu»

260 1279 395 1346 disemus
422 1277 493 1356 iuit3
520 1274 555 1341 0.
583 1297 660 1344 uero
687 1277 770 1344 filius
797 1279 866 1344 eius
895 1277 1031 1344 disertus
1058 1275 1226 1364 Gaiusque
1252 1277 1319 1344 Tu-

260 1397 386 1462 ditanus
416 1414 486 1461 cum
518 1396 601 1462 ommi
631 1396 698 1462 uita
731 1406 822 1483 atque
849 1396 933 1462 victu
965 1393 1105 1462 excultus
1133 1405 1234 1482 atque
1266 1417 1319 1464 ex-

258 1513 375 1602 politus
410 1522 475 1579 tum
506 1513 576 1580 eius
608 1511 740 1600 elegans
763 1490 825 1580 ¹est
854 1511 993 1578 habitum
1029 1513 1122 1580 etiam
1155 1517 1318 1582 orationis

260 1650 371 1718 gemus.
414 1627 594 1718 Eodemque
621 1633 655 1697 iu
681 1651 799 1718 genere
826 1641 874 1701 est
898 1630 1024 1698 habitus
1046 1633 1089 1709 is,
1115 1631 1170 1718 qui
1194 1633 1321 1700 iniuria

253 1758 392 1838 accepta
423 1749 519 1834 fregit
547 1747 598 1816 Ti.
629 1748 804 1816 Gracchum
821 1751 1007 1837 patientia,
1040 1751 1119 1816 ciuis
1149 1751 1186 1814 in
1218 1751 1320 1818 rebus

260 1869 392 1956 optumis
419 1869 691 1935 constantissimus
719 1865 764 1932 Μ.
793 1864 953 1934 Octauius.
1002 1865 1045 1933 At
1070 1886 1147 1935 vero
1175 1865 1225 1933 M.
1252 1869 1320 1936 Ae-

259 1985 365 2052 milius
387 1981 539 2074 Lepidus,
563 1987 616 2072 qui
638 1995 686 2053 est
703 1983 840 2053 Porcina
859 1985 975 2064 dictus,
996 1984 1098 2050 isdem
1118 1987 1320 2073 temporibus

260 2105 327 2172 fere
358 2103 470 2192 qubus
499 2102 619 2184 Galba,
652 2104 710 2171 sed
741 2103 836 2192 paulo
862 2105 965 2170 minor
989 2113 1077 2181 natu,
1112 2113 1144 2170 et
1174 2123 1319 2174 summus

260 2231 369 2290 orator
401 2231 448 2287 est
478 2219 604 2288 habitus
636 2232 668 2288 et
700 2221 770 2300 fuit,
804 2232 836 2288 ut
868 2231 997 2310 apparet
1030 2239 1070 2288 ex
1102 2223 1320 2304 orationibus,

261 2341 395 2426 scriptor
423 2356 500 2404 saue
522 2337 633 2405 bouus.
676 2339 729 2405 98.
752 2337 820 2408 Hoc
841 2341 875 2406 iu
897 2350 1021 2408 oratore
1042 2337 1158 2406 Latino
1180 2343 1320 2428 primum

260 2453 338 2522 mihi
358 2450 481 2522 uidetur
501 2465 532 2522 et
552 2455 667 2524 leuitas
691 2459 876 2546 apparuisse
896 2457 956 2524 illa
972 2455 1165 2526 Graecorum
1190 2469 1224 2526 et
1247 2481 1336 2556 ver-N

260 2573 371 2641 borum
393 2573 631 2662 comprehensio
653 2585 684 2643 et
707 2577 772 2642 iam
794 2576 920 2655 artifex,
947 2587 979 2644 ut
1000 2578 1046 2644 ita
1066 2576 1188 2658 dicam,
1213 2579 1318 2647 stilus

324 2776 359 2820 98.
384 2781 405 2820 et
418 2777 475 2834 tom]
489 2779 563 2822 etiam.
597 2798 604 2814 .

328 2942 418 3003 XXV.
453 2947 585 3023 simplem
611 2945 743 3020 quidem]
767 2945 941 3020 siccidam
964 2947 1016 3004 Gu.
1040 2947 1064 3001 1.
1083 2975 1118 2988 -
1141 2952 1319 3020 amatior]

260 3030 320 3088 ciue
337 3031 451 3088 deodu-
465 3051 576 3102 omues,
592 3034 645 3090 uisi
656 3032 730 3104 quod
741 3037 905 3092 astrorum·
915 3031 968 3089 Gu.
982 3033 1006 3090 1.
1023 3060 1059 3077 -—
1084 3049 1123 3088 ec
1134 3033 1319 3108 disciplina]

261 3123 291 3172 ct
306 3115 421 3192 discipl.
438 3117 490 3192 Lg.
509 3135 612 3174 ommes

328 3243 372 3318 05.
407 3242 559 3317 Popilius]
580 3244 620 3298 sic
641 3241 692 3315 lig.
711 3242 736 3301 8.
754 3239 797 3302 00.
822 3243 864 3299 53.
885 3243 927 3300 58.
949 3242 992 3300 58.
1021 3243 1093 3301 Veo.
1113 3247 1137 3302 l.
1155 3245 1182 3302 0.
1215 3245 1319 3306 ottob.

261 3327 323 3384 uae.
342 3326 554 3402 Gu.1.(1²up.)
571 3328 614 3384 eu.
632 3345 673 3402 pr.
702 3327 738 3385 v.
753 3311 902 3400 expresse.
919 3328 953 3384 au
968 3329 1003 3385 ue
1018 3325 1068 3386 οι».
1083 3329 1129 3386 111.
1143 3329 1194 3398 se,
1210 3331 1275 3388 171.
1286 3365 1334 3392 -.

264 3409 426 3485 Getasque]
450 3412 501 3485 bg.
519 3413 545 3468 8.
572 3412 642 3468 Veu.
663 3413 686 3470 l.
705 3415 835 3470 convenit
852 3416 1008 3488 pretiisque
1023 3416 1052 3470 im
1070 3416 1113 3472 eti
1133 3433 1175 3487 pr.
1194 3415 1253 3489 Lg.
1274 3419 1334 3488 2⁰·i

259 3496 353 3554 51.58.
362 3498 405 3554 88.
415 3498 456 3554 70.
470 3529 504 3539 -
529 3497 571 3554 Ti.
587 3497 765 3570 Gracchum]
785 3499 814 3554 T.
829 3499 997 3556 Gracchum
1005 3500 1056 3555 Gu.
1069 3499 1092 3556 1.
1109 3531 1142 3542 -
1162 3491 1334 3575 optumisl¹

259 3581 367 3655 antip.
380 3583 423 3639 2⁰.
442 3583 485 3640 39.
503 3563 546 3641 55
563 3585 605 3640 88
618 3585 661 3642 70.
686 3585 757 3640 Van.
771 3585 840 3640 1.-
862 3583 1006 3654 Porcina]
1019 3587 1208 3666 portioned.
1221 3606 1268 3658 pr.
1284 3619 1321 3629 -

260 3666 368 3736 todem]
385 3669 425 3722 sic
436 3667 488 3740 Lg.
499 3669 540 3726 51.
551 3669 592 3724 53.
603 3670 646 3726 58.
658 3671 701 3728 68.
712 3670 754 3727 70.
765 3699 800 3712 ·-
813 3673 912 3726 minor
922 3673 1005 3740 natu]
1022 3675 1119 3727 minoto
1130 3687 1159 3726 n.
1173 3671 1229 3728 Gu.
1244 3673 1271 3728 1.
1283 3704 1320 3718 ·-

261 3753 399 3825 apparet]
415 3756 504 3826 patet
521 3753 571 3827 hg.
589 3755 631 3812 00.
690 3793 699 3804 .
795 3763 803 3770 ”

250 3937 253 3945 f
328 3875 371 3932 ec.
405 3877 524 3951 rascas]
544 3881 649 3938 taetras
669 3881 720 3953 ις.
738 3879 1039 3938 occaecasset.
1054 3879 1096 3935 70.
1120 3879 1194 3936 van.
1210 3880 1234 3936 1.
1263 3859 1333 3940 cai

259 3959 402 4033 Perpetua
424 3965 548 4021 confusio
572 3983 671 4021 vocum
696 3965 815 4021 illarum:
842 3982 869 4020 v.
895 3957 1179 4020 Sauteui'excursum
1204 3967 1235 4019 im
1265 3967 1323 4024 Te·

257 4047 384 4103 rentiauo
393 4047 496 4124 Maure
509 4059 538 4105 et
548 4067 600 4106 uos
610 4051 638 4104 in
646 4051 677 4108 0.
689 4051 734 4107 Gr.
749 4060 777 4106 et
784 4050 931 4122 Explicat
942 4049 978 4104 ad
986 4049 1021 4105 de
1031 4046 1080 4106 Or.
1089 4049 1136 4106 tii.
1147 4050 1198 4118 50,
1206 4051 1275 4107 tol.
1285 4083 1332 4110 -,

260 4137 289 4185 et
309 4133 385 4202 tam]
410 4135 527 4190 restituit
545 4131 681 4191 Orelliuse
704 4135 739 4190 tie
761 4151 812 4191 usu
837 4134 963 4190 adverbii
986 4138 1050 4194 iam
1071 4153 1100 4196 v.
1117 4134 1232 4196 wacta
1254 4133 1332 4218 Eia,

258 4214 321 4275 Liv.
339 4233 367 4288 p.
382 4215 427 4277 90.
451 4217 541 4276 Haud.
558 4217 674 4280 Tusell.
692 4219 749 4284 vol.
767 4218 812 4280 itt.
833 4237 862 4296 p.
881 4219 940 4282 188.
957 4246 1001 4296 -,
1331 4255 1332 4299 t

1330 4349 1331 4388 i
