2676 4774
208 429 355 502 anans
378 428 677 515 elocunnnlnle
698 429 802 502 ROM.
824 431 933 502 11187.
1024 435 1091 510 20

64 623 140 690 mem
160 605 322 672 enatorum
342 605 474 670 lubitum
494 611 630 682 secutus;
647 604 784 688 idemque
805 603 980 686 aequalibus
998 607 1092 672 omui·

63 711 109 772 los
128 708 219 790 magis
236 707 344 772 eximia
361 707 496 772 doctrine
511 713 540 770 et
555 707 753 789 reipublicae
768 706 885 788 pesida,
907 725 995 788 quens
1012 707 1093 772 cultu

64 809 233 891 eloquentiae
254 809 438 891 praestitisse
458 805 681 888 sigsitoattw).
723 808 788 872 lloc
807 805 940 870 drmatnr
962 807 1092 872 eiusdem

63 910 94 974 dc
112 902 258 997 εἰρωνείᾳ
279 909 428 993 Scipionis
448 909 613 974 testimonio
633 903 697 990 (²⁸).
740 907 938 986 Quintilianus
964 915 994 972 ct
1016 911 1091 972 scri·

63 1019 120 1093 ptos
138 1011 298 1076 suonnsimi
320 1010 435 1090 dialogi
456 1009 492 1074 de
514 1009 684 1074 oratoribus
704 1015 849 1072 uetustate
868 1009 1012 1087 lorridis,
1040 1009 1093 1074 sed

63 1129 183 1191 unguen
217 1109 331 1192 ingenii
365 1111 424 1175 nim
454 1128 529 1194 prae
558 1127 591 1174 ss
621 1109 783 1174 ferentibus
815 1117 1007 1176 annumerant
1027 1109 1092 1193 (⁷²).

62 1215 197 1277 ledonem
214 1213 368 1294 utriusque
388 1211 480 1294 paulo
502 1211 702 1288 intentiorem,
723 1209 777 1274 sed
793 1227 915 1290 manem
929 1212 1021 1276 luisse
1037 1229 1093 1276 nee

63 1315 117 1376 eiua
143 1314 357 1376 intermissione
387 1315 599 1388 uehementem,
643 1311 741 1394 qualis
771 1319 838 1376 erat
868 1312 934 1378 Ser.
968 1312 1093 1390 Galbae,

63 1415 153 1478 Gicero
173 1408 371 1492 testatur(⁷⁸).
411 1413 582 1478 orationum
604 1413 753 1496 Scipionis
775 1412 883 1476 datius
904 1415 1011 1478 mansit
1030 1432 1092 1478 me·

63 1516 159 1592 noris,
189 1532 279 1596 quam
309 1513 417 1579 Laelii.
465 1514 505 1580 Et
535 1532 636 1578 esrom
662 1513 794 1596 quidem,
826 1533 951 1598 quarum
979 1523 1093 1598 tempus

61 1624 174 1692 comat,
195 1615 375 1696 gmnissims
391 1616 528 1680 censoria
547 1615 604 1678 illa
624 1623 682 1693 eet,
705 1634 766 1697 qua
780 1615 820 1680 ad
835 1615 978 1678 maiorum
995 1633 1093 1682 mores

60 1717 184 1799 populum
203 1717 395 1780 inruemur:
417 1717 504 1780 iuius
525 1715 601 1780 duae
621 1715 788 1798 particulae
808 1713 999 1796 exstant(²⁹).
1030 1719 1092 1782 An·

60 1835 140 1882 uuae
164 1825 229 1882 sunl
252 1818 403 1882 craficnes
422 1837 475 1896 pon
495 1837 527 1878 ss
549 1825 650 1880 centro
673 1821 718 1878 Ta
741 1817 869 1880 Asellione
889 1817 923 1878 ds
944 1819 1036 1878 molto
1055 1817 1094 1880 od

60 1921 187 1998 pomam
236 1918 359 1984 Asellus
391 1919 482 1995 enim,
517 1919 598 2000 quod
627 1926 751 2001 propter
780 1919 860 1983 ritae
884 1918 1094 2001 turpitudinen

62 2036 140 2100 equus
169 2021 197 2082 ci
220 2018 376 2102 ademptus
397 2026 477 2096 erat,
502 2020 636 2084 trilounus
658 2013 832 2100 Scipionem
853 2019 932 2100 apud
953 2020 1094 2101 populum

60 2137 130 2184 neum
153 2120 232 2184 iecit.
278 2119 414 2201 Quinque
444 2119 595 2184 orefioues
615 2121 647 2182 in
668 2135 706 2182 ea
726 2136 819 2182 cause
841 2137 861 2182 a
881 2119 1021 2200 Scipione
1039 2121 1095 2184 lsa-

60 2217 204 2304 litoc(⁸⁰)‚
227 2239 353 2304 quarum
376 2219 488 2288 Gellius
510 2219 584 2286 duas
605 2220 769 2304 particulas
788 2220 917 2285 semovit
926 2215 998 2300 (⁸¹),
1019 2218 1094 2284 dass

62 2320 152 2387 [licere
166 2319 231 2404 (⁸⁹).
285 2323 320 2388 lu
350 2339 477 2386 censura
511 2323 599 2386 stiam
630 2322 664 2386 Ρ.
696 2321 831 2404 Sulpicio
865 2320 952 2386 Gallo
984 2321 1096 2386 homiui

62 2421 174 2488 delicato
200 2426 291 2490 vitam
312 2425 488 2507 probrosam
509 2426 645 2489 oratioue
666 2423 789 2499 obiecit,
817 2422 900 2486 cuius
920 2422 1005 2486 locus
1027 2423 1095 2504 qui·

61 2521 117 2586 dam
141 2525 219 2609 apud
241 2525 364 2588 eundem
386 2525 512 2592 Gellium
530 2525 641 2608 legitur
656 2520 720 2606 (⁸³).
762 2523 876 2588 Deinde
898 2523 1042 2588 orationis
1062 2523 1096 2584 ds

61 2627 165 2703 inomao
193 2633 231 2688 υ.
255 2630 340 2687 Basti
360 2627 499 2699 samse,
531 2627 661 2690 consulis
689 2645 718 2690 a.
742 2626 804 2692 clo
833 2625 974 2688 memoria
1000 2631 1097 2688 exstat

61 2726 130 2806 apud
157 2727 277 2792 Festum
294 2722 362 2808 (⁸⁴),
395 2735 424 2792 et
456 2727 535 2810 apud
562 2727 686 2792 eundem
711 2727 789 2790 alius
817 2724 982 2800 cuiusdam,
1019 2742 1096 2807 quae

60 2825 265 2892 inscribebatur
283 2849 336 2908 pro
357 2829 425 2890 sede
441 2831 582 2889 Gmtomm
609 2847 697 2910 quam
717 2829 814 2910 ipsam
833 2843 951 2909 quoqne
971 2826 1003 2886 iu
1027 2819 1096 2888 een·

60 2944 121 2992 sura
149 2931 282 2993 habitam
311 2930 375 2994 seri
405 2928 501 2992 eimsse
516 2923 583 3008 (⁸⁵).
629 2927 705 2992 Erat
730 2928 808 2990 enim
833 2920 986 2988 censorum
1014 2924 1098 2988 aedi·

60 3024 179 3094 lcandas
211 3028 424 3094 reiciendasne
455 3027 545 3090 sedes
576 3027 696 3103 locare;
728 3027 811 3090 cuins
842 3023 922 3088 modi
952 3041 1016 3088 rem
1047 3033 1098 3090 snt

118 3244 166 3314 75)
184 3242 256 3300 Vell.
274 3241 295 3300 l.
318 3243 357 3300 17.
388 3241 421 3298 cl.
439 3241 495 3298 cto.
514 3241 550 3300 de
567 3239 617 3300 Or.
636 3240 657 3298 1.
676 3240 724 3308 18,
743 3239 785 3296 58.
873 3238 919 3308 to)
943 3237 979 3295 de
994 3234 1044 3296 or.
1063 3237 1098 3296 lt.

60 3324 165 3396 81170.
194 3328 275 3384 Brut
287 3328 331 3397 87,
344 3327 404 3384 tec.
491 3328 538 3397 77)
551 3327 662 3390 Quintil.
671 3324 734 3384 Xll.
748 3325 790 3394 10,
805 3324 846 3382 10.
867 3323 932 3382 dlal.
945 3325 981 3380 de
995 3320 1046 3382 0r.
1055 3324 1098 3380 111.

61 3411 98 3482 78)
114 3414 193 3470 Brnt.
212 3413 263 3481 22,
281 3414 324 3472 86.
413 3411 458 3482 79)
476 3412 546 3470 Geli.
565 3411 603 3470 N.
621 3414 653 3467 A.
673 3411 720 3466 lv,
737 3409 781 3466 tc.
810 3409 846 3468 V.
866 3409 908 3467 19.
923 3479 926 3488 Ι
944 3410 985 3468 ct.
1001 3410 1097 3469 Valet.

61 3491 129 3554 Mur.
147 3499 196 3557 vl.
215 3501 246 3570 d,
266 3499 292 3555 1.
319 3497 416 3555 Festus
435 3516 460 3555 v.
479 3498 589 3558 millae.
675 3497 722 3567 80)
743 3495 815 3551 Gell.
832 3493 870 3553 N.
886 3496 943 3553 Att.
960 3494 993 3549 ll.
1012 3495 1056 3551 20.
1074 3497 1099 3550 ls

62 3583 173 3650 quintam
197 3586 226 3642 ln
249 3601 284 3642 ea
301 3601 384 3640 cause
401 3583 521 3640 habitam
538 3590 739 3638 commemorat.
774 3580 842 3636 Tem
865 3579 966 3634 nobilis
983 3579 1033 3635 lult
1050 3579 1100 3634 illa

62 3664 207 3736 iniunlcltla,
235 3679 265 3726 ut
290 3658 419 3742 exemplo
444 3669 555 3726 theseos
580 3668 736 3723 rhetoricae
759 3666 795 3722 sit
824 3663 897 3736 apud
919 3665 1098 3736 Augustianos

63 3765 143 3819 praec.
160 3754 202 3812 rls.
222 3773 248 3827 p.
266 3755 325 3810 118.
345 3756 521 3828 capparono.
554 3754 621 3811 Non
646 3761 688 3808 est
710 3750 884 3807 verisimilis
903 3750 1100 3823 altenePlglsll

63 3839 188 3894 sententia
203 3857 231 3910 p.
247 3840 307 3897 Μ.
327 3841 363 3896 ad
379 3858 404 3896 a
421 3857 447 3896 u.
462 3841 522 3898 ost.
557 3839 679 3894 Asellum
706 3836 741 3892 ab
763 3835 892 3892 Africano
917 3852 1032 3892 censore
1055 3852 1100 3890 ae·

64 3932 189 3980 conatusne
213 3925 253 3980 sle
270 3927 342 3982 enim
359 3934 402 3981 tot
419 3925 588 3984 orationibus
605 3941 675 3994 opus
691 3939 748 3978 non
766 3930 834 3978 erat.
870 3920 1010 3976 Particula
1025 3917 1100 3990 apud

63 4002 171 4064 Gellium
191 4017 304 4068 servate
328 4011 411 4066 dccet
434 4011 584 4083 sponsione
598 4008 756 4064 Africanum
777 4021 853 4060 usum
876 4004 1031 4060 closellos·
1053 4006 1101 4058 etr

64 4101 133 4148 esset
148 4094 272 4156 Asellus.
359 4096 406 4164 81)
431 4096 503 4152 Gell.
517 4093 578 4148 vlt.
597 4095 636 4150 ll.
720 4089 767 4158 81)
790 4089 826 4144 de
844 4084 894 4144 or.
912 4087 946 4146 ll.
965 4088 1015 4155 58,
1037 4087 1098 4146 258.

62 4172 189 4243 611188.
276 4179 562 4252 continemini.
648 4178 695 4249 sl)
721 4193 750 4234 v.
771 4180 913 4250 potestur.
998 4173 1044 4246 85)
1071 4191 1100 4232 v.

64 4275 144 4332 noque
159 4282 257 4340 eopse.
