2676 4774
240 377 310 454 4⁰
401 375 551 446 nonus
572 373 869 458 nnooonnulnn
891 375 995 445 ROM.
1016 373 1127 446 nisu.

243 551 431 690 Opimianqlc,
452 569 506 616 nec
525 559 586 614 tam
605 551 674 634 ipsa
688 550 797 627 rerba,
819 567 906 632 quom
923 557 1126 632 argumentum
1143 559 1172 617 et
1191 554 1280 636 eapite

241 651 381 732 exstant(
406 652 429 730 ).

716 786 744 870 o.
764 790 814 850 ao.

665 901 696 956 G.
716 899 863 955 Gracchus.

325 1022 460 1088 Fratrem
480 1023 593 1103 ingenii
613 1023 814 1104 magnitudine
835 1022 1023 1105 naturalique
1043 1023 1184 1088 facundia
1197 1025 1278 1104 longe

241 1126 417 1208 superabat,
445 1125 574 1188 candore
596 1125 686 1186 animi
706 1142 765 1187 non
787 1126 935 1207 aequabat
958 1127 988 1184 0.
1013 1127 1175 1198 Graecias,
1202 1146 1278 1207 quen

241 1227 290 1288 ira
317 1234 346 1290 et
370 1225 559 1289 ulciscendae
584 1225 742 1288 familiaris
771 1227 899 1289 iniuriae
925 1225 1070 1308 cupiditas
1096 1225 1135 1288 ad
1161 1229 1279 1288 maxima

241 1327 380 1390 facinora
401 1326 569 1390 stimularit.
601 1327 630 1390 Is
653 1343 716 1390 cum
735 1329 901 1390 tirocinium
923 1327 1038 1390 dicendi
1053 1329 1084 1388 in
1098 1327 1196 1392 Vettio
1213 1347 1278 1408 qoo-

242 1425 311 1490 dam
338 1429 441 1508 ignoto
469 1432 586 1494 bomine
612 1429 793 1495 defendendo
815 1431 962 1511 posuisset
979 1425 1064 1510 (⁵²⁸),
1090 1447 1160 1492 mox
1185 1447 1279 1492 recor-

243 1527 363 1592 datione
384 1529 487 1594 fratris
509 1532 584 1595 adeo
606 1540 743 1614 acceptus
764 1531 876 1612 populo
898 1531 966 1607 init,
988 1539 1034 1606 ut,
1056 1549 1121 1592 cmm
1141 1537 1209 1592 ante
1223 1549 1279 1591 ma-

242 1630 399 1708 gistratum
425 1632 584 1710 gerendum
609 1635 708 1714 legem
734 1633 884 1715 Papiriam
912 1631 948 1694 de
973 1632 1098 1694 tribunis
1123 1630 1280 1693 reiciendis

242 1731 396 1807 suasisset,
419 1731 607 1798 dissuasisset
626 1735 671 1800 Μ.
692 1735 769 1798 iunii
782 1734 876 1796 Penni
895 1734 1004 1796 tribum
1025 1733 1123 1812 legem
1145 1731 1181 1794 de
1200 1749 1321 1813 pere-

242 1832 338 1910 grinis
365 1833 439 1896 urbe
465 1842 494 1896 et
521 1836 639 1900 civitate
664 1835 814 1911 arcendis,
842 1843 872 1896 et
896 1834 1029 1898 triumuir
1056 1835 1138 1912 agris
1166 1841 1194 1896 et
1216 1833 1321 1942 lege

242 1931 358 1994 Tiberii
385 1934 487 1997 fratris
514 1937 598 2018 plebi
624 1937 789 2001 nudorum
815 1944 932 1998 creatus
959 1943 1050 2010 esset,
1075 1942 1186 1996 tantam
1209 1897 1321 2015 opti

242 2035 368 2096 mutibus
388 2036 573 2100 formidinem
593 2038 722 2115 faceret,
742 2039 804 2100 ut
794 2057 826 2099 ιιι
841 2035 1008 2100 Sardiniam
1030 2044 1170 2116 quaestor
1183 2037 1321 2098 missos

241 2136 356 2198 iteratis
376 2138 490 2201 vicibus
511 2147 677 2220 prorogata
698 2145 845 2220 potestate
865 2139 1086 2220 prohiberetur,
1114 2155 1173 2218 qno
1195 2139 1279 2198 minos

241 2237 273 2298 in
299 2239 401 2300 arbem
421 2237 542 2301 rediret.
587 2240 648 2302 Sed
670 2240 833 2315 Gracchus,
864 2257 928 2301 cnm
950 2240 1008 2302 sibi
1028 2239 1145 2300 succedi
1165 2257 1222 2301 non
1240 2240 1278 2303 ni-

242 2336 342 2412 derct,
368 2339 482 2400 iniussu
508 2339 628 2420 publico
655 2341 838 2421 prouinciam
862 2341 993 2422 reliquit.
1043 2339 1137 2416 Quam
1164 2341 1201 2402 ob
1226 2358 1279 2402 rem

245 2439 344 2500 omnia
366 2438 404 2500 ad
424 2439 603 2520 perdendum
617 2441 762 2503 hominem
778 2441 931 2504 molientes
948 2442 1100 2524 optimates
1117 2458 1176 2503 non
1192 2441 1277 2513 modo,

243 2545 276 2600 at
298 2538 377 2620 apud
398 2557 535 2602 censores
557 2559 675 2603 eausam
697 2542 820 2618 diceret,
843 2551 1016 2624 coegerunt,
1040 2541 1092 2604 sed
1112 2543 1239 2605 studiose
1252 2541 1279 2604 id

243 2647 382 2718 egerunt,
409 2649 442 2702 nt
468 2642 678 2706 coniurationis
699 2645 898 2723 Fregellanos
921 2645 1040 2706 erimine
1060 2651 1277 2724 perverteretur.

243 2739 418 2820 Fregellani
444 2743 519 2804 enirn
549 2745 697 2806 sociorum
717 2747 804 2826 primi
826 2746 1063 2819 coniuravarant,
1083 2752 1117 2806 at
1136 2746 1167 2808 ri
1189 2753 1277 2806 entor-

242 2852 367 2923 querent
393 2845 541 2908 civitatem
567 2847 624 2908 sibi
649 2847 758 2907 iniuria
778 2855 925 2926 negatam.
969 2845 1029 2910 Sed
1051 2847 1183 2926 quamvis
1204 2863 1277 2908 acer-

243 2944 317 3006 rime
343 2947 544 3026 qaaestionem
570 2955 726 3010 exercente
749 2956 890 3028 praetore
914 2949 949 3010 L.
980 2947 1111 3028 Opimio,
1140 2965 1204 3009 cum
1228 2962 1276 3026 qno
1321 2963 1322 3026 ι

241 3053 310 3126 post
343 3047 553 3110 interneciuum
581 3049 715 3112 Graccho
743 3047 841 3110 odium
866 3049 937 3124 fuit,
970 3050 1058 3112 etiam
1084 3049 1141 3110 hoc
1170 3049 1277 3110 erimine
1321 3045 1322 3080 ³

244 3146 396 3213 absolutus
419 3156 472 3210 est.
515 3149 608 3212 Huius
629 3148 808 3211 defensionis
828 3167 902 3228 non,
921 3156 954 3211 nt
975 3150 1142 3225 censoriae,
1172 3157 1276 3211 exstare

243 3247 391 3327 reliquiae
417 3248 564 3324 videntur,
593 3247 645 3310 sed
672 3249 751 3330 apud
776 3249 860 3313 anet.
890 3249 928 3312 ad
948 3250 1018 3314 Her.
1044 3249 1093 3316 [v.
1121 3253 1152 3314 9.
1182 3258 1210 3312 et
1236 3252 1274 3312 ll.

242 3348 422 3409 imitationes
443 3347 538 3411 latere
560 3337 737 3412 orationum'
746 3351 776 3412 in
797 3353 854 3414 hac
875 3370 966 3415 eausa
987 3351 1105 3434 publice
1122 3351 1276 3414 habitarum

245 3503 455 3517 m

243 3594 349 3650 loribus
365 3612 388 3651 e.
401 3595 441 3651 18.
471 3595 655 3655 Quintilianus
664 3598 699 3655 X.
710 3599 734 3666 7,
744 3598 802 3667 Μ,
821 3616 881 3654 cnm
894 3617 931 3654 ne
948 3601 976 3654 in
991 3599 1171 3654 tabernaculo
1182 3600 1276 3669 quidem

245 3679 423 3734 meditatione
445 3683 566 3736 oratoria
588 3683 749 3739 abstinuisse
768 3685 920 3741 Carbonem
943 3685 1030 3751 dicat,
1054 3685 1202 3740 memoriae
1219 3683 1275 3738 vitio

244 3763 387 3817 admiscuit
408 3779 498 3819 rerum
522 3765 679 3822 bellicarum
701 3771 866 3825 mentionem
883 3769 931 3826 Cn.
950 3767 1083 3826 Carbonis
1108 3779 1152 3824 ten·
1170 3767 1276 3824 consulis

243 3847 315 3901 male
332 3849 500 3907 recordatus
535 3851 607 3911 Nam
625 3853 654 3910 Ο.
675 3855 765 3910 Carbo
783 3856 878 3910 consul
897 3856 992 3910 urbem
1009 3855 1153 3926 reliquisse
1174 3873 1228 3910 mon
1245 3853 1276 3907 oi·

57 4003 61 4010 .
243 3932 342 4076 deols:b
358 3934 393 3989 de
411 3934 500 3992 tirone
516 3945 605 3993 autem
623 3949 652 3994 et
669 3940 845 3996 adolescents
861 3942 983 4013 cogitare
1000 3941 1168 3998 tabernaculi
1185 3938 1276 3996 mentio

104 4067 128 4084 ,
242 4035 294 4090 pro
315 4037 324 4080 1
344 4029 381 4076 et.

258 4205 277 4260 h
311 4121 894 4264 qncnueor11.39,165.40,1oss.
976 4127 1276 4200 5ta)Plut.c.Grac

244 4223 295 4261 co
