2640 4780
338 411 530 484 usurus
559 412 650 484 (ldl’.
671 413 723 482 38.
962 415 1054 490 21⁰

35 585 111 656 lebat
130 587 209 654 enirn
223 581 328 652 debile
349 582 497 672 quiddam
517 583 551 650 in
565 580 781 670 questionibus
799 589 962 670 aptumque
984 601 1054 650 oum
1100 627 1113 654 .

35 707 67 772 ad
79 705 161 772 idem
177 703 355 772 sociandam
374 712 439 770 tum
460 701 502 770 ad
518 700 768 768 misericordiam
784 701 1053 768 commovendam:

35 835 59 892 ut
77 843 173 892 uerunt
192 822 350 890 viduetur
376 823 410 888 in
432 819 494 888 hoo
514 818 609 894 illud.
638 817 721 906 quod
747 817 984 886 Demosthenem
1006 819 1055 886 ie-

34 952 88 1010 mnt
113 943 155 1020 ei,
180 943 233 1028 qui
254 940 464 1028 quaesivisset
491 937 565 1025 quid
591 933 723 1024 primum
744 947 830 1004 esset
856 939 889 1004 in
911 935 1055 1016 dicendo,

35 1063 182 1140 actionem3
203 1059 278 1147 quid
300 1058 483 1135 seeundum,
509 1055 607 1136 idern3
627 1065 658 1122 et
678 1055 761 1122 idem
781 1057 903 1122 tertium
924 1075 1056 1142 respon-

36 1179 111 1245 disse.
150 1178 238 1246 nulla
262 1197 316 1246 res
345 1179 449 1262 magis
468 1184 610 1264 penetrat
632 1175 665 1240 in
687 1175 808 1242 animos
830 1193 947 1261 eosque
968 1172 1056 1260 fingit

34 1297 125 1364 lornat
151 1295 246 1364 flectit
272 1295 408 1384 talisque
437 1303 580 1362 oratores
606 1292 708 1360 uideri
736 1292 826 1372 iaeit,
858 1292 969 1380 quales
994 1294 1056 1380 ipsi

34 1435 60 1482 sa
80 1415 171 1484 rideri
198 1414 318 1482 uolunt.
368 1412 440 1482 lte.
473 1391 568 1480 linio
583 1411 639 1480 ulii
666 1431 774 1499 parem
799 1431 873 1478 esse
901 1409 1056 1490 dicebant,

34 1529 78 1598 alii
94 1533 317 1622 anteponebant
337 1531 376 1600 L.
396 1529 555 1598 Crassum.
597 1530 677 1598 illud
698 1529 821 1618 quidem
844 1539 928 1597 certe
948 1549 1057 1598 ournes

34 1651 68 1716 ita
88 1651 264 1720 iudicabant
284 1652 438 1721 nemiuem
461 1668 548 1730 esso,
579 1652 632 1736 qui
653 1648 762 1720 borum
788 1647 888 1716 altero
910 1659 978 1717 utro
999 1669 1056 1737 pa·

32 1777 103 1836 trono
120 1773 304 1856 cuiusquam
324 1770 484 1854 ingenium
500 1769 681 1856 requireret.
712 1765 865 1852 Equidem
881 1787 1058 1853 quenquam

33 1883 149 1956 istorio
168 1897 288 1956 tentum
302 1886 421 1965 tribuo,
444 1895 589 1973 quantum
606 1885 796 1972 supradixi,
816 1894 922 1952 tamen
938 1883 1058 1954 Crasso

33 2003 94 2071 nibil
114 2017 214 2076 statuo
236 2005 305 2072 fieri
324 2006 465 2092 potuisse
486 2003 663 2091 perfectius.
706 1999 784 2070 Erat
810 2023 930 2068 summa
951 2007 1060 2087 graui-

33 2129 82 2202 tas,
107 2136 173 2192 erat
199 2144 271 2193 eum
293 2124 449 2208 grauitate
471 2122 594 2188 innotus
614 2119 799 2186 facetiarum
822 2128 852 2186 ct
873 2119 1059 2188 urbanitatis

33 2245 185 2324 oratorius,
212 2263 275 2310 non
302 2240 445 2310 scurrilis
471 2239 577 2328 lepos,
603 2235 717 2306 Latine
739 2237 889 2324 loquendi
911 2250 1061 2308 scemata

33 2367 56 2424 et
77 2362 139 2428 sino
167 2360 315 2428 molestia
343 2358 480 2445 diligens
509 2356 682 2442 elegantia,
712 2359 746 2424 in
772 2356 958 2424 disserendo
980 2361 1061 2428 mira

34 2477 198 2564 enqbcoti03
228 2497 297 2548 eum
326 2478 365 2545 de
392 2481 459 2546 iure
488 2476 588 2558 ciuili,
622 2497 692 2544 cunr
720 2477 759 2544 de
789 2495 891 2563 aequo
919 2486 950 2544 et
975 2475 1060 2548 bono

34 2592 238 2684 disputaretur,
260 2605 511 2683 argumentorum
532 2603 564 2662 et
584 2595 820 2664 similitudinum
841 2599 944 2684 eopia.

83 2796 125 2840 143.
150 2796 225 2840 altero
239 2797 303 2852 uiro]
320 2797 435 2840 alterutro.

32 2965 177 3022 uavbsima
200 2964 317 3018 videtur.
354 2962 413 3016 Sed
436 2971 512 3017 recte
528 2962 599 3018 vidit
620 2970 684 3032 post
705 2962 767 3016 illa:
791 2968 892 3035 qestus
915 2979 984 3018 cum
1001 2981 1063 3020 sen·

33 3053 116 3106 tentiis
130 3063 294 3119 conqnccns
310 3046 392 3116 plane
404 3046 521 3117 ineptire
533 3048 690 3117 sequentia:
708 3063 776 3102 cutm
789 3046 885 3100 undis
901 3055 1063 3106 sententiis·

33 3136 275 3201 necooscnttcns.
293 3129 409 3185 Uneinis
418 3132 573 3202 posteriora
582 3131 679 3186 inclusi
688 3131 898 3202 Bernhardyum
907 3141 1064 3190 secutus.-

32 3217 217 3286 cmoertebut]
244 3215 467 3272 convertebatur
483 3215 608 3284 Mannt.;
632 3215 763 3272 serebat
779 3216 893 3283 Lamb,
919 3219 993 3287 qnod
1013 3222 1065 3274 nsi·

32 3305 111 3372 totins,
128 3302 180 3359 sed
196 3303 282 3356 minus
300 3301 406 3357 lectum.
809 3369 812 3378 ι

88 3389 146 3446 ltu.
183 3386 393 3458 questionibus]
411 3387 665 3459 conquestionibus
678 3387 781 3443 mavult
794 3384 882 3443 Orell.
905 3386 1067 3444 Lambinonr

32 3484 142 3541 secutus,
171 3472 246 3544 quud
270 3472 337 3526 illud
360 3473 521 3527 vocabulum
544 3491 678 3545 nusquam
703 3480 799 3528 exstet.
836 3472 881 3526 De
900 3475 969 3527 roris
993 3475 1067 3544 apud

34 3557 181 3614 Ciceronem
201 3557 342 3613 vocabulis
366 3575 393 3612 v.
413 3557 520 3628 Explic.
543 3561 571 3613 in
590 3560 625 3613 de
644 3557 694 3613 Or.
713 3557 747 3612 ll.
766 3557 814 3623 11,
832 3557 874 3609 94.
890 3585 926 3599 —-
952 3577 1068 3614 cum—-

34 3646 96 3712 tum]
114 3653 228 3700 tum-
241 3651 304 3698 tum
321 3642 371 3714 lig.
389 3644 432 3698 20.
450 3672 486 3686 —
515 3650 591 3698 esset
609 3641 795 3710 indicendo]
822 3642 879 3698 ior.
903 3642 953 3714 Lg.
972 3645 1014 3700 51.
1032 3675 1068 3697 —-.

33 3725 117 3799 finqtt]
132 3733 230 3800 tanqit
242 3731 362 3800 suspicio
372 3727 514 3800 Purgoldi.
526 3759 561 3768 —
580 3727 718 3798 talisque]
732 3728 771 3782 sic
780 3726 829 3800 ng.
843 3745 947 3797 ornnes,
959 3727 1030 3787 Van.
1045 3733 1067 3794 l.

35 3807 254 3886 Μώμ-

95 3899 151 3954 itt.
187 3899 306 3970 quidem
324 3899 413 3966 certe]
438 3903 517 3952 ceute
540 3915 594 3954 onr.
612 3896 655 3951 ed.
673 3914 715 3966 pr.
749 3897 833 3954 Refer
856 3898 891 3952 ad
908 3916 1015 3953 omnes.
1033 3926 1069 3941 »-

36 3981 117 4038 ultera
135 3987 216 4053 utro]
236 3985 276 4038 sie
293 3983 465 4038 scribendum
482 3982 530 4036 luit
548 3999 609 4036 curn
624 3980 676 4052 Lg.
690 3983 716 4038 8.
732 3983 774 4036 35.
794 3983 836 4037 39.
855 3983 896 4035 51.
912 3983 954 4036 53.
971 3985 1011 4037 56.
1026 3983 1069 4038 58.

36 4065 71 4120 68.
86 4069 126 4126 10.
156 4069 226 4124 Ven.
246 4071 269 4126 l.
290 4070 376 4140 (supr.
398 4087 452 4124 sor.
471 4074 562 4133 ereio,
587 4068 604 4122 i.
621 4085 646 4124 e.
672 4073 820 4131 uteretur,
843 4066 922 4120 scioli
947 4069 1070 4134 manus);

38 4151 121 4207 altero
136 4171 206 4209 uero
225 4154 277 4212 Gn.
296 4155 320 4210 l.
340 4185 372 4196 -·-
400 4157 481 4210 mira
499 4154 672 4228 explicatio]
693 4155 750 4212 iuv.
767 4152 833 4214 Par.
851 4151 889 4208 D.
906 4177 942 4201 -v
969 4153 1070 4228 eopia]

39 4238 199 4310 suppetebat
215 4243 303 4312 capia
320 4238 372 4310 Lg.
391 4239 434 4296 53.
451 4239 494 4296 68.
512 4239 554 4298 70.
653 4293 659 4302 .
