2676 4774
486 475 776 548 PRAEFATIO.
1110 505 1152 552 xv

111 647 142 712 iu
163 645 236 714 aliis
258 645 383 734 scriptis
400 644 564 715 Ciceronis
584 647 659 716 libri
681 649 888 728 consentiunt,
911 653 993 716 10101
1016 651 1151 718 retinen-

110 764 178 830 dum
199 763 330 831 videtur.
364 761 441 832 Cum
461 769 544 832 enim
567 776 687 834 constet
707 769 838 855 primum
855 764 1028 836 Caesarem
1048 771 1061 836 t'
1078 767 1163 836 sub--

108 901 239 968 rogasse
261 903 318 970 pro
339 903 363 949 0
384 885 607 972 antiquiorum,
636 903 739 952 noune
763 887 858 952 etiam
880 883 1065 952 Ciceronem
1085 905 1152 954 me-

108 1001 188 1066 dinm
209 999 378 1069 fluctuasse
404 1004 473 1070 veri
495 1003 598 1070 simile
621 1006 680 1070 erit
704 1005 786 1070 iuter
804 1013 965 1091 utramque
981 1001 1151 1082 ¹scribendi

106 1121 278 1187 rationeml
310 1117 426 1188 Dubito
446 1129 551 1188 tamen
572 1119 794 1188 describendo
814 1137 1046 1204 teaeupetttmtte,
1068 1122 1152 1208 quod

106 1237 280 1304 solitarium
308 1236 498 1318 0101011194,
520 1236 594 1308 324.
637 1236 703 1306 Sed
726 1240 864 1306 lubenter
884 1249 915 1306 et
936 1240 1017 1306 lubet
1038 1239 1151 1328 pleris-

105 1375 162 1441 que
177 1355 261 1422 locis
280 1356 406 1443 scripsi,
423 1376 492 1424 cum
506 1356 602 1424 editio
618 1357 741 1444 quidem
756 1357 901 1445 princeps
915 1355 1057 1440 (101113,
1074 1357 1149 1440 11.)‚

104 1472 159 1540 sed
179 1493 256 1540 raro
278 1473 455 1562 discrepent
475 1474 551 1542 boni
572 1473 662 1554 libri,
683 1476 757 1542 item
779 1486 920 1542 00111100
942 1483 973 1542 01
993 1479 1150 1544 existumo

104 1601 133 1658 et
154 1601 331 1676 optumates
360 1611 423 1658 uuo
451 1593 576 1679 quidem
602 1591 677 1660 loco
705 1591 830 1660 obvium
849 1591 908 1672 89,
927 1591 1000 1660 366.
1047 1593 1151 1674 Quom

104 1719 132 1776 et
153 1729 242 1785 cum,
272 1711 385 1794 quoius
407 1719 438 1777 et
460 1713 565 1784 cuiue.
599 1713 674 1796 quoi
698 1719 729 1778 et
750 1714 801 1778 cui
830 1710 941 1778 eadem
963 1719 1065 1778 aetate
1087 1731 1151 1780 uua

102 1830 134 1894 in
158 1848 222 1895 usu
248 1828 348 1894 luisse
375 1838 491 1896 certum
520 1837 577 1896 cst.
621 1826 703 1896 Dedi
730 1830 826 1915 igitur
854 1847 967 1914 011000,
998 1849 1067 1896 cum
1098 1840 1150 1898 aut

102 1946 188 2014 clare
223 1948 370 2034 scriptum
400 1955 517 2025 exstat,
551 1955 604 2014 aut
630 1947 780 2014 mendose
810 1947 950 2034 quidem,
982 1958 1015 2014 ut
1045 1957 1151 2016 tamen
1251 1967 1255 1974 ·

102 2085 203 2132 causa
224 2067 342 2132 erroris
362 2074 482 2150 pateat,
507 2064 592 2130 velut
612 2083 724 2148 quom,
748 2084 828 2146 quo,
853 2083 932 2147 qao,
956 2083 1148 2149 quanquam,

101 2186 190 2251 cuius
207 2182 423 2271 compendium
441 2200 558 2266 qquom
573 2183 658 2249 viam
673 2180 800 2248 errandi
814 2179 979 2268 patefacit:
1000 2201 1029 2247 1.
1047 2179 1079 2262 4,
1097 2181 1148 2250 16.

100 2302 251 2384 36,115.
282 2299 339 2379 78,
357 2299 446 2381 276.;
473 2301 547 2366 item
574 2299 726 2366 insimili
749 2319 847 2368 causa
868 2302 983 2384 qantos
1008 2309 1039 2366 et
1062 2303 1148 2385 quoi,

100 2423 184 2510 quod
214 2418 396 2487 alibrariis
423 2439 519 2506 saepe
547 2421 664 2504 inquo
692 2428 723 2486 et
748 2422 803 2502 qui
824 2417 1030 2486 deformatur:
1059 2437 1089 2484 1.
1113 2416 1148 2482 (1

101 2539 151 2609 Cr.
174 2543 210 2608 iu
232 2539 271 2606 de
293 2533 347 2604 0r.
369 2535 392 2602 l.
416 2537 451 2615 l,
474 2537 503 2602 l.
535 2538 592 2616 22,
616 2536 689 2602 162.-
732 2535 799 2604 Sed
820 2535 982 2612 locemus,
1002 2546 1151 2604 secuntur

101 2663 134 2727 iu
160 2658 259 2726 Bruto
285 2655 360 2722 libri
388 2655 536 2722 meliores
563 2657 616 2722 vix
643 2674 777 2742 usquam
802 2653 1007 2743 suppeditant.
1055 2652 1149 2722 Addo

98 2787 228 2866 propter
251 2777 322 2843 soni
344 2773 578 2840 similitudinem
600 2773 638 2839 de
660 2774 842 2860 permutatis
864 2793 904 2839 00
927 2781 957 2839 01
976 2793 1028 2838 cu.
1070 2769 1151 2838 Sunt

100 2898 187 2964 euim
213 2894 265 2980 qui
292 2913 356 2959 non
384 2893 488 2976 magis
510 2890 642 2978 probem
666 2892 800 2965 vulnus,
831 2908 956 2963 seruos,
972 2909 1078 2974 quam
1103 2892 1167 2957 lo·-

100 3024 257 3100 quuotur,
270 3009 338 3077 ..sed
351 3010 476 3081 octoas,
491 3025 614 3080 101000,
632 3009 804 3088 loquentur
826 3014 878 3070 aut
895 3007 1044 3072 locuntur
1058 3008 1149 3074 unice

101 3128 290 3205 defendant,
312 3124 442 3190 alterum
460 3142 500 3189 ue
515 3123 710 3210 pronuntiari
728 3120 852 3208 quidem
872 3124 981 3192 neseio
999 3143 1062 3210 qua
1078 3123 1150 3202 bal-

98 3249 188 3316 butie
204 3246 344 3334 potuisse
358 3241 558 3310 affirmantes.
592 3239 674 3307 Dedi
690 3241 870 3310 convolsum
884 3235 1044 3318 311115..
1066 3244 1151 3326 oolqi

99 3368 159 3448 ts,
185 3363 257 3430 183.
288 3361 361 3430 185.
396 3359 453 3438 56,
482 3359 553 3427 186.
582 3359 669 3438 lea,
703 3357 873 3438 00111154,
901 3357 991 3438 266,
1022 3361 1150 3444 nouare

101 3487 160 3566 76,
181 3482 256 3550 265.
300 3479 366 3546 Sed
393 3499 458 3546 uon
488 3477 705 3546 addicentibus
733 3455 825 3544 libris
851 3476 931 3544 talia
958 3476 1072 3564 ubique
1097 3499 1149 3544 re-

103 3607 231 3674 stituere
252 3602 333 3668 ratio
355 3618 418 3666 uon
441 3607 497 3664 est.
542 3596 640 3664 Tituli
663 3597 746 3662 enim
766 3603 927 3681 utrumque
951 3615 1014 3662 uua
1035 3597 1069 3662 in
1091 3615 1150 3664 usu

102 3723 202 3792 inisse
231 3711 359 3798 docent,
388 3737 417 3783 1.
446 3714 562 3782 Co'mm.
591 3711 642 3780 Cr.
672 3715 706 3781 iu
730 3712 769 3779 dc
798 3709 852 3778 Or.
874 3706 917 3777 11.Ι
941 3712 998 3792 14,
1019 3714 1088 3794 61.;
1117 3717 1150 3782 in

102 3843 195 3911 lastis
215 3836 402 3927 Capitolinis
424 3834 559 3920 Augusti
584 3841 687 3898 aetate
711 3851 774 3898 non
797 3830 1000 3898 interioribus
1025 3832 1061 3910 Q.
1083 3832 1149 3898 Po-

103 3961 207 4026 blilios
228 3959 325 4024 Philo·
345 3950 605 4024 Volscuscousul
627 3971 656 4017 a.
669 3948 735 4016 415
755 3949 885 4033 legitur:
901 3950 967 4014 etsi
990 3949 1030 4013 ab
1050 3951 1149 4014 omui-

102 4077 162 4144 bus
194 4075 290 4160 vulgo
324 4072 425 4142 Volsci
458 4069 555 4137 scribi
587 4068 698 4136 solent.
753 4064 902 4143 Gaudeo,
935 4065 1018 4150 quod
1048 4068 1148 4134 virum

104 4196 227 4262 doctum
253 4189 439 4258 Alschefski
467 4191 501 4256 in
521 4185 613 4255 Liuio
643 4183 838 4253 emendando
868 4181 1013 4250 similiter
1040 4183 1148 4270 egisse

104 4312 205 4380 tideo.
255 4312 384 4385 Vester,
406 4309 466 4376 etsi
494 4327 534 4374 eo
562 4302 826 4374 duceretvidctur
854 4311 962 4370 noster
990 4321 1086 4388 saepe
1114 4304 1147 4367 iu
