2674 4782
235 363 336 444 ΜΘ
631 361 896 432 CICERONIS

237 553 429 615 maxumum,
457 533 554 622 qued,
584 551 654 602 eum
680 535 877 602 contentione
899 533 1052 601 erationis
1071 529 1198 599 flectere
1221 536 1289 600 aui-

238 676 308 724 mos
338 655 475 722 iudieunn
500 655 553 720 uix
579 663 688 740 posset
708 673 769 720 nee
798 653 923 720 omnino
951 671 991 718 eo
1018 671 1136 738 genere
1162 653 1288 729 diceret,

238 767 402 843 tractando
429 783 534 840 tamen
561 771 757 859 impellebat,
783 779 817 836 ut
836 771 920 836 idern
939 770 1081 837 lacerent
1102 791 1124 836 a
1144 791 1181 836 se
1204 791 1289 837 eom·

239 897 330 972 meti,
362 891 445 978 quod
474 911 495 958 a
523 888 664 978 Sulpicio
700 891 856 956 concitati.
900 889 973 954 303.
1005 886 1075 954 Fuit
1106 891 1190 954 enim
1216 887 1289 954 Sul-

239 1013 341 1100 pieius
361 1009 414 1077 vel
434 1029 578 1076 maxume
600 1010 753 1087 omnium,
781 1027 860 1094 ques
880 1007 1003 1094 quidem
1024 1027 1085 1092 ego
1108 1007 1288 1085 audiverim,

240 1129 372 1216 grandis
391 1137 436 1208 et,
455 1138 488 1195 ut
502 1130 548 1194 ita
568 1120 839 1212 dieam,'tragieus
860 1135 975 1192 orator.
1008 1145 1070 1192 vex
1090 1146 1160 1192 eum
1175 1145 1290 1210 magna

240 1256 304 1314 tum
318 1242 430 1314 'suavis
452 1255 483 1314 ei
505 1246 685 1334 splendida3
706 1254 815 1330 gestus
835 1253 866 1310 et
886 1254 987 1311 metus
1010 1246 1152 1330 eorporis
1173 1246 1217 1309 ita
1236 1263 1289 1310 ve-

240 1375 368 1443 nustus,
400 1373 434 1432 ut
465 1373 569 1430 tamen
599 1364 640 1430 ad
671 1363 787 1442 iorum,
819 1383 883 1430 non
912 1363 954 1429 ad
981 1382 1111 1428 scenam
1136 1364 1287 1427 institutus

240 1479 417 1562 videretur3
445 1483 575 1549 incitata
601 1474 631 1558 et
651 1481 816 1560 volubilis,
843 1501 903 1547 nee
925 1500 966 1546 ea
987 1481 1168 1546 redundans
1187 1490 1286 1544 tamen

241 1619 303 1668 nee
335 1595 551 1667 eircumluens
582 1602 696 1668 eratin·
742 1598 893 1666 Crassum
923 1598 976 1665 hie
1005 1597 1133 1666 volebat
1161 1599 1286 1675 imitari3

243 1715 342 1784 Culta
356 1717 494 1785 malebat
515 1717 702 1785 Antonium:
732 1719 790 1785 sed
811 1717 851 1784 ab
876 1715 936 1784 hee
959 1719 1009 1784 vis
1032 1717 1144 1784 aberat
1164 1715 1284 1794 Antoni,

243 1833 355 1902 Crassi
386 1836 426 1904 ab
453 1837 511 1904 illo
540 1837 640 1924 lepos.
684 1834 757 1903 304.
785 1833 812 1902 0
844 1855 1004 1921 magnam,
1031 1837 1145 1922 inquit,
1183 1844 1283 1910 artem,

240 1951 377 2020 Brutus:
417 1957 446 2021 si
478 1955 602 2042 quidem
633 1956 724 2034 istis,
758 1975 828 2022 eum
859 1956 970 2021 summi
998 1963 1106 2020 essent
1140 1962 1285 2030 oratores,

243 2071 325 2139 duae
347 2091 400 2140 res
418 2091 602 2152 maxumae,
625 2071 726 2142 altera
748 2073 840 2140 alteri
861 2073 967 2140 deluit.

327 2187 408 2256 LVl.
434 2191 538 2276 Aique
555 2193 593 2288 in
611 2190 662 2257 iris
684 2191 861 2258 oratoribus
881 2191 964 2256 illud
986 2183 1284 2256 animadvertendum

244 2316 293 2375 est
323 2327 419 2395 pesse
453 2327 526 2374 esse
561 2327 715 2388 summos,
749 2311 802 2396 qui
833 2309 917 2374 inter
944 2327 980 2375 se
1013 2311 1076 2375 siut
1110 2308 1281 2376 dissimiles.

244 2421 337 2490 nihil
354 2427 437 2489 enim
465 2435 529 2492 iam
557 2426 711 2492 dissimile
740 2445 833 2512 quam
857 2423 948 2493 Getta
969 2424 1128 2512 Sulpicio,
1159 2437 1191 2493 et
1210 2436 1283 2492 uter·

245 2561 306 2628 que
341 2541 528 2630 aequalibus
567 2546 634 2610 suis
668 2543 841 2631 plurumum
874 2545 1037 2631 praestitit.
1093 2541 1201 2622 Quare
1230 2543 1282 2608 hue

246 2657 385 2726 doctoris
416 2655 628 2746 intellegentis
663 2669 712 2725 est
746 2661 854 2728 videre
886 2651 947 2748 que
980 2661 1062 2728 ferat
1090 2671 1205 2727 natura
1234 2679 1283 2726 sue

245 2797 398 2866 quemque
420 2771 458 2846 etv
473 2799 513 2846 ea
535 2773 613 2847 duee
634 2769 770 2848 alentem
793 2782 840 2847 sie
866 2755 1042 2860 instituere,
1069 2788 1102 2846 ut
1122 2778 1282 2848 Isocratem

245 2965 340 3034 mum]
357 2967 397 3020 sie
414 2964 466 3038 Lg.
480 2966 505 3022 8.
520 2967 563 3023 35.
576 2943 618 3026 51.
634 2942 677 3025 53.
692 2943 734 3022 58.
749 2939 792 3022 68.
807 2964 849 3021 70.
875 2961 934 3023 (itt,
951 2994 987 3006 -
1013 2981 1080 3022 eum
1097 2961 1281 3028 contentione]

246 3063 314 3104 eum
332 3067 385 3104 om.
405 3050 455 3106 G'u.
473 3052 497 3107 1.

315 3133 376 3189 303.
410 3139 563 3206 maxume]
581 3147 610 3192 ut
628 3139 650 3209 §-
668 3136 744 3204 303,
761 3141 872 3208 praeter
888 3134 940 3207 Lg.
959 3135 1001 3191 35.
1018 3161 1054 3176 —
1078 3135 1221 3202 omnium]
1238 3149 1280 3188 om.
1322 3129 1323 3194 3

245 3215 299 3290 lag.
313 3217 339 3272 8.
353 3219 395 3274 39.
414 3220 456 3272 51.
475 3221 516 3276 50.
532 3222 574 3276 58.
601 3221 652 3278 Gu.
671 3224 747 3277 1.-
776 3221 954 3288 audiverim]
972 3221 1124 3276 audierim
1139 3221 1190 3293 Lg.
1204 3221 1281 3274 35ae
1322 3233 1323 3272 l

246 3319 314 3358 eum
327 3305 448 3374 maqno]
467 3310 533 3359 ium
549 3322 588 3361 m.
608 3305 659 3362 Gu.
675 3308 698 3363 l.
714 3336 749 3348 —
772 3323 826 3361 nee
844 3308 893 3375 ea]
911 3323 964 3361 aee
980 3311 1026 3360 ita
1044 3305 1096 3361 Gu.
1107 3309 1135 3361 .1.
1151 3337 1187 3348 —-
1208 3305 1282 3359 Cras·

246 3405 314 3442 sum
330 3386 381 3444 hie
397 3385 513 3441 uolebat
530 3392 660 3460 imitare]
682 3390 727 3448 Cr.
742 3391 807 3456 hie,
824 3399 860 3446 ut
875 3391 953 3446 milei
969 3391 1088 3446 uidetur
1103 3391 1160 3446 eol.
1180 3396 1228 3446 im.
1245 3387 1279 3442 ed.

246 3489 288 3544 pr.
307 3503 342 3514 -
367 3471 491 3542 Anioni]
510 3472 561 3546 Lg.
579 3475 605 3531 8.
624 3475 666 3530 35.
685 3478 728 3530 51.
747 3477 789 3532 53.
809 3477 851 3533 58.
871 3478 912 3532 70.
940 3475 1004 3531 Vae

314 3573 375 3631 304.
411 3583 524 3642 artem,
549 3575 678 3648 Brutus]
705 3581 760 3635 iuv.
787 3578 830 3632 ed.
852 3595 896 3650 pr.
919 3609 953 3619 -
983 3579 1159 3649 maxumae]
1181 3580 1220 3633 sie
1239 3575 1280 3646 lq·
1322 3573 1323 3646 f

249 3666 362 3727 praeter
378 3660 421 3714 30.
439 3661 483 3715 50.
1322 3667 1323 3670 “

315 3758 389 3812 LVI·
426 3755 576 3832 Suspicio]
585 3759 719 3838 Sulpicii
727 3765 839 3835 corrigit
848 3761 973 3835 Madvig.
984 3766 1012 3819 in
1022 3766 1079 3820 Cle.
1089 3765 1148 3820 sin.
1156 3761 1280 3836 psus.-

243 3841 431 3917 plurumam]
444 3847 578 3902 -multum
600 3849 651 3922 Lg.
675 3849 717 3906 30.
743 3866 764 3904 u
788 3849 889 3903 retinui
914 3852 973 3905 siue
996 3851 1080 3906 libris.
1116 3849 1203 3904 Paulo
1227 3853 1280 3900 ante

246 3927 343 3986 hamb.
372 3936 406 3985 at
430 3931 570 4004 uimque,
598 3943 696 3988 eontra
721 3933 806 3988 libros
834 3941 861 3988 et
886 3935 930 3991 ed.
955 3953 998 4006 pr.
1022 3967 1058 3980 υ-
1087 3928 1279 4006 intelleqeniis]

247 4011 299 4086 Lg.
311 4015 335 4069 8.
348 4013 391 4072 51.
410 4013 468 4073 oe.
479 4048 514 4059 -
533 4017 702 4088 lenissumo]
720 4019 875 4076 lenissumo
890 4019 941 4093 Lg.
954 4019 996 4074 35.
1009 4020 1051 4076 70.
1070 4017 1166 4076 ottob.
1177 4035 1240 4074 cerr.
1250 4041 1279 4054 ·-

249 4099 396 4170 calearia]
414 4100 516 4158 ealear
534 4104 577 4160 ed.
595 4120 637 4174 pr.

317 4184 378 4243 305.
415 4183 544 4260 Suspice]
562 4187 611 4260 bg.
630 4188 656 4250 8.
674 4187 716 4246 35.
734 4188 776 4247 51.
793 4189 836 4249 53.
852 4189 892 4247 70.
915 4189 979 4249 Vat.
991 4219 1025 4236 -
1045 4188 1208 4258 consumme]
1224 4197 1280 4241 een·
