2676 4774
227 399 294 472 58
390 392 539 464 BREVIS
560 389 858 474 ELOQUENTIAE
880 389 983 462 boot.
1005 389 1114 458 HIST.

228 577 289 634 tate
320 567 426 631 tollere
454 565 625 640 uoluerunt,
659 565 769 646 quippe
802 563 1000 645 impudentiae
1031 564 1192 642 magistros
1211 559 1274 642 (⁵⁸).
1329 567 1330 600 r

1293 345 1330 454 ··Τ

1329 531 1330 566 l

228 671 310 734 Haec
336 667 515 748 impudentia
543 668 606 730 siue
634 665 762 728 dubio
753 684 784 726 m
813 681 922 743 genere
951 665 1141 728 institutionis
1167 667 1273 740 inerat,

228 790 316 853 ιιιιι
333 777 424 832 totam
445 769 492 830 illi
508 767 680 832 rabularum
699 766 830 830 artificiis
850 765 995 828 iodiciol
995 783 1078 828 ocum
1096 767 1274 830 facientibus
1329 723 1330 814 T

228 869 503 944 accommodabant,
526 869 640 930 minime
662 867 819 930 dissimiles
840 867 1020 928 Graecorum
1041 869 1181 948 sophistis
1205 887 1274 930 cau·

228 991 292 1036 sam
319 971 491 1034 inferiorem
512 970 662 1032 uictricem
682 966 807 1034 reddere
830 968 921 1028 ansis.
965 950 1025 1032 Sed
1049 977 1160 1030 certum
1182 977 1229 1030 est
1249 977 1276 1030 et

228 1076 260 1136 in
280 1091 379 1136 rerum
401 1089 488 1134 cursu
508 1071 642 1132 humanis
664 1068 776 1128 artibus
797 1069 969 1130 immutabili
989 1069 1155 1149 positum
1140 1071 1275 1132 rhetores
1329 1085 1330 1144 Τ

227 1175 298 1236 illos
322 1174 374 1236 uix
395 1171 529 1251 deposita
553 1171 655 1234 Crassi
677 1177 706 1232 et
725 1168 846 1231 Domitii
867 1187 991 1231 censura
1015 1189 1117 1232 rursus
1143 1171 1177 1232 in
1204 1172 1275 1234 ciri-

228 1282 319 1336 tatcm
346 1273 512 1352 irrepsisse.
554 1270 657 1350 Neque
679 1271 754 1332 enim
776 1287 929 1333 censorum
951 1279 1015 1332 erat
1041 1271 1138 1350 legem
1159 1273 1278 1334 sancire

229 1377 261 1436 in
281 1381 453 1454 perpetuum
469 1371 626 1436 valituram
649 1388 703 1432 ιιι
725 1371 849 1434 edictum
871 1373 1034 1434 censorium
1053 1373 1135 1434 ultro
1154 1375 1276 1436 honoris

228 1474 310 1537 illius
332 1474 457 1554 spatium
479 1471 655 1536 obseruandi
673 1473 833 1534 necessitas
855 1481 929 1536 erat.
961 1473 1069 1538 Verum
1089 1481 1149 1536 tam
1169 1493 1277 1538 uorum

230 1581 296 1638 erat
316 1575 490 1650 institutum,
512 1559 571 1635 taio
588 1574 744 1654 contempti
762 1573 909 1647 homines,
933 1574 983 1654 qui
999 1575 1087 1655 primi
1104 1574 1276 1651 docuerunt,

229 1681 290 1736 tom
316 1683 434 1738 tenaces
456 1675 570 1754 antiqui
598 1675 687 1736 moris
712 1675 851 1749 Romani,
882 1682 914 1737 ut
940 1675 1046 1756 perdiu
1073 1683 1161 1758 turpe
1183 1677 1276 1738 babe-

229 1783 313 1840 retur
334 1775 440 1853 docere
462 1775 540 1855 quod
565 1777 717 1837 honestum
744 1783 809 1836 erat
834 1775 958 1838 discere.
1000 1777 1104 1858 ltaque
1124 1781 1278 1858 peregrini

230 1883 282 1940 aut
301 1877 432 1938 libertini
448 1878 565 1956 generis
587 1877 718 1939 homines
737 1876 825 1957 primi
847 1877 1134 1957 eranteloquerrtiae
1149 1880 1277 1942 Latinae

230 1979 378 2056 magistri,
406 1995 460 2040 nec
482 1985 549 2040 ante
568 1978 696 2057 Augusti
717 1985 842 2040 aetatem
861 1978 993 2042 Blandus
1015 1997 1105 2060 eques
1126 1981 1277 2043 Romanus

229 2080 353 2156 exstitit,
380 2081 610 2161 quamprimum
637 2078 784 2158 ingenuae
809 2079 897 2142 sortis
922 2079 1120 2160 eloquentiam
1140 2081 1279 2144 docuisse

229 2179 300 2242 dicit
321 2181 436 2244 Seneca
454 2177 517 2260 (⁵⁹).
560 2182 686 2254 Eorum,
717 2181 768 2260 qui
788 2181 844 2242 hac
865 2187 963 2242 aetate
982 2182 1154 2260 riguerunt,
1176 2185 1278 2246 rheto-

229 2300 294 2342 rum
315 2281 472 2342 secuudum
492 2281 620 2344 Plotium
641 2281 722 2342 solus
743 2281 787 2343 M.
809 2283 952 2360 Antonius
975 2283 1089 2364 Gnipho
1112 2284 1278 2348 claritatem

230 2382 355 2444 nominis
372 2388 523 2442 assecutus
540 2388 592 2442 est.
625 2381 653 2442 Ιι
671 2389 758 2444 natus
775 2383 806 2442 in
820 2383 919 2445 Gallia
936 2383 1066 2446 cruditus
1076 2385 1278 2449 Alexandriae

231 2481 382 2560 elegantia
403 2483 515 2560 ingenii
536 2489 564 2544 ιι
581 2481 731 2543 ιοιιιιιιι
748 2483 890 2563 plurimos
908 2484 1068 2566 discipulos
1081 2495 1110 2548 et
1122 2491 1277 2567 egregiam

230 2583 340 2646 famam
358 2590 401 2643 cst
413 2582 534 2662 adeptus
553 2589 594 2656 ct,
613 2585 780 2664 comprimo
799 2585 930 2646 instituto
942 2589 1276 2664 grammaticusfuisset,

231 2692 328 2745 tamen
349 2684 436 2744 ctiam
464 2684 640 2745 rhetoricam
667 2691 748 2746 tanto
771 2685 878 2764 plausu
900 2686 1010 2762 docuit,
1040 2697 1072 2752 ut
1094 2683 1276 2765 Ciceronem,

231 2801 285 2846 nec
311 2783 542 2858 adolescentem,
575 2783 627 2844 scd
658 2787 833 2849 honoratum
865 2795 955 2867 atque
987 2789 1062 2852 adeo
1094 2795 1276 2871 praetorium

232 2884 394 2946 auditorem
417 2886 553 2947 habuerit
567 2880 630 2962 (⁶⁰)
675 2885 780 2948 Sedis
803 2905 830 2948 a
850 2890 911 2950 641
940 2897 1026 2950 natus
1050 2892 1139 2952 ιιιι
1130 2895 1276 2967 uambae,

231 3004 318 3065 quam
339 2995 515 3062 tractamus,
542 2993 646 3059 aetate
659 2987 774 3062 floruit,
802 2995 899 3050 tamen
920 2989 959 3052 ad
979 2991 1087 3053 famam
1109 2995 1156 3055 sui
1177 3003 1276 3076 poste-

230 3087 311 3150 riore
334 3087 445 3150 demum
471 3096 602 3168 tempore
623 3089 765 3168 peruenit.
808 3088 916 3152 Debuit
941 3099 1123 3155 autemeam
1146 3094 1178 3158 [l.
1201 3096 1275 3158 Gae-

230 3189 308 3264 sari,
329 3189 359 3250 in
381 3191 463 3250 cuiuis
484 3189 570 3252 domo
591 3190 715 3270 primum
737 3189 871 3252 docuisse
892 3191 995 3254 fertur.

318 3289 390 3352 Cum
410 3297 491 3350 actas
513 3291 598 3370 prior
619 3299 753 3352 oratores
776 3291 918 3370 quosdam
937 3293 1053 3356 tulisset
1070 3296 1189 3358 minime
1208 3315 1275 3360 oon·

230 3389 414 3462 temnendos,
441 3398 529 3451 aucta
551 3391 644 3453 cultus
666 3400 694 3452 ct
714 3393 901 3472 humanitatis
924 3393 1073 3472 elegantia
1094 3398 1187 3478 paulo
1210 3407 1275 3460 ante

232 3490 336 3555 Sullae
357 3498 490 3572 tempora
509 3492 554 3554 Μ.
576 3493 719 3554 Αιιοιιιι
743 3499 771 3552 ιι
792 3493 826 3556 L.
852 3493 977 3556 Crassus
999 3497 1073 3558 tanti
1094 3501 1275 3574 exstiterunt,

231 3585 333 3672 paranti
361 3593 423 3653 sinc
444 3593 670 3655 accuratissimis
698 3593 852 3654 literarum
874 3595 1053 3658 Graecarum
1076 3599 1197 3676 studiis,
1223 3619 1274 3662 nec

232 3700 382 3754 oratorum
414 3693 525 3768 solum,
559 3695 612 3756 sed
647 3695 735 3758 etiam
767 3696 942 3776 scriptorum
974 3705 1002 3758 et
1032 3699 1275 3782 philosophorum

233 3793 375 3866 omnium,
399 3811 463 3855 csse
483 3791 649 3874 potuerunt.
693 3795 754 3858 Sed
770 3797 858 3859 rudes
881 3797 975 3860 adhuc
996 3799 1089 3862 fuisse
1110 3802 1274 3882 elegantia-

230 3899 439 3916 p———u—

300 3957 344 4024 58)
374 3957 470 4014 Totum
495 3961 644 4030 apponitur
668 3977 686 4012 a
711 3961 845 4018 Suetonio
870 3962 886 4015 l.
915 3972 994 4017 ιιι
1022 3963 1114 4018 Gellio
1144 3963 1207 4020 XV.
1237 3965 1274 4017 ll

230 4042 276 4110 59)
303 4043 434 4100 Controv
454 4043 487 4097 ll.
505 4046 657 4114 prooemio
684 4044 781 4116 Ipsum
798 4047 919 4101 Plotium
936 4048 1044 4104 Gallum
1068 4048 1153 4104 luisse
1177 4067 1275 4104 nomen

230 4128 334 4198 arguit·
349 4146 512 4201 cognomen
538 4131 609 4192 enim
628 4127 765 4187 Gallos
757 4149 785 4210 ιιι
809 4141 863 4186 tam
880 4133 994 4204 ignobili
1010 4133 1121 4191 homine
1139 4151 1202 4192 esse
1220 4151 1274 4192 ιιι

229 4219 330 4282 potest.
417 4215 463 4283 60)
480 4215 593 4272 Sueton.
611 4216 645 4272 de
661 4217 754 4275 illustr.
772 4235 881 4290 ιςιιιιιι.
900 4237 924 4278 ι.
944 4221 968 4276 7.
1043 4269 1046 4272 .
