2676 4774
223 413 374 528 canus
395 456 694 541 nnooosnrrrs
707 457 819 566 quon.
841 461 950 532 nrsr.
1046 466 1109 544 ao

79 629 207 711 Scipione
221 631 362 696 Africano
383 633 474 696 inerit
487 631 621 697 interior.
654 631 700 696 Dc
716 633 780 696 eins
796 633 971 711 honoribus,
992 637 1018 700 si
1038 655 1109 702 con·

79 731 192 794 sulamn
211 734 377 815 exceperis,
407 751 492 815 qoem
512 734 547 798 c.
568 734 697 800 llosolio
717 734 859 801 Mancino
878 735 997 814 collega
1017 739 1111 818 gessit

79 851 103 896 a.
129 835 201 908 617,
232 849 291 918 pon
323 843 447 899 constat.
494 834 567 898 Post
596 835 672 898 lunc
702 836 907 916 magistratum
936 837 1109 918 Hispaniam

78 933 188 1014 inperio
215 944 379 1016 prorogato
409 935 469 1019 per'
490 922 566 1000 aluos
595 953 688 998 annos
716 953 773 1020 pro
794 937 916 1000 consule
935 939 1028 1014 rexit,
1053 941 1110 1004 etsi

75 1035 132 1115 ipse
160 1053 276 1117 ponne
306 1037 344 1100 ah
371 1038 511 1122 Hispanis
538 1035 652 1100 cladem
683 1037 797 1120 accepit
813 1034 884 1116 (¹⁹);
918 1057 978 1119 qna
1008 1039 1045 1104 le
1074 1059 1109 1104 re

76 1137 214 1217 Appianis
234 1139 354 1202 maltam
374 1141 403 1202 ei
419 1141 585 1218 irrogatam
605 1137 676 1202 dicit
685 1131 748 1218 (Ψ).
790 1137 900 1202 Rerum
919 1149 988 1224 post
1010 1139 1048 1206 ab
1071 1159 1108 1206 co

76 1245 212 1314 gestarum
239 1239 325 1302 nulla
352 1241 495 1304 memoria
523 1239 630 1304 relicta
650 1245 710 1315 est,
735 1238 793 1302 nisi
815 1238 894 1319 quod
914 1242 1025 1322 primus
1046 1243 1108 1307 llo·

76 1353 212 1402 manorum
239 1339 346 1402 cultius
372 1347 401 1402 et
429 1339 468 1402 ad
494 1341 596 1404 lnxnar
616 1340 750 1424 procliue
776 1340 856 1404 ritae
876 1356 969 1418 genna
990 1349 1108 1408 secutus
1172 1330 1177 1338 ’

74 1437 164 1505 lentur.
204 1440 319 1504 Adesse
340 1441 416 1504 enim
438 1459 503 1504 enm
525 1457 663 1506 censores
682 1441 831 1504 iusserunt
852 1441 914 1504 slus
934 1442 973 1506 olr
992 1442 1107 1510 domum

74 1537 124 1602 ns.
141 1557 191 1604 ux
210 1523 342 1608 nimiu
361 1541 602 1624 carrucam
618 1543 766 1617 venons,
788 1543 851 1606 uve
873 1543 911 1606 on
927 1543 1030 1608 num
1045 1545 1108 1610 ers-

73 1641 178 1717 gantius
194 1650 350 1719 sanctam,
366 1651 398 1706 nt
414 1637 551 1708 Valerius
563 1645 713 1710 Maximus
730 1651 842 1706 norat.
872 1643 911 1707 Et
926 1645 975 1707 llic
991 1645 1108 1726 quidem

61 1740 101 1810 l.
117 1739 216 1808 Gnosio
240 1753 363 1807 asstare
381 1745 501 1808 moltam
517 1746 644 1810 Aemilio
666 1765 686 1808 a
705 1745 818 1828 populo
838 1746 1004 1826 irrogatam
1023 1745 1107 1812 alir-

71 1849 123 1904 nat
140 1839 201 1925 (⁸¹¹).
247 1846 282 1908 ln
303 1863 361 1927 quo
392 1864 510 1910 errasse
533 1847 662 1912 ridetur:
688 1845 754 1910 neri
781 1847 856 1910 eninr
882 1847 939 1910 hoc
968 1849 1025 1911 nisi
1052 1865 1108 1931 per

70 1943 203 2008 tribunum
224 1964 287 2010 non
306 1949 410 2029 potnit.
454 1948 575 2012 Gassius
597 1956 693 2012 aotam
714 1949 777 2010 sinc
798 1947 887 2012 duolio
905 1947 959 2012 illc
976 1957 1035 2024 ost,
1056 1952 1107 2032 qui

70 2061 125 2108 cnm
141 2049 176 2114 L.
194 2049 296 2114 ssinna
320 2049 503 2112 consulatum
527 2049 622 2129 gessit
640 2068 669 2110 a.
691 2051 770 2123 627,
799 2049 964 2111 saranatis
986 2049 1108 2112 Cassia-

70 2163 118 2209 nae
133 2150 293 2230 proverbio
310 2149 399 2212 tritae
415 2157 534 2225 auctor;
553 2167 639 2230 quem
656 2148 771 2228 aliquot
781 2149 866 2210 annis
880 2155 948 2229 post
958 2165 1109 2214 censorem

70 2247 151 2312 [unse
177 2253 372 2333 suspicamur.
415 2252 589 2316 Orationem
609 2248 728 2313 Aemilii
754 2247 840 2311 anius
860 2249 969 2314 mentio
992 2249 1039 2327 lit,
1065 2256 1109 2312 esti

70 2347 110 2408 lac
126 2353 251 2412 Aemilio
272 2353 457 2430 cbroporstor
468 2349 536 2432 (²²)·
559 2369 636 2434 quac
658 2368 727 2414 num
742 2349 870 2418 Aemilia
892 2350 931 2412 sit
952 2353 1021 2414 anni
1044 2353 1105 2416 321

70 2446 101 2510 de
119 2468 242 2514 censura
263 2472 361 2516 annua
383 2461 411 2516 et
433 2454 581 2529 semestri,
607 2471 645 2537 an
669 2469 730 2513 una
750 2469 788 2514 ex
808 2451 916 2516 Scauri
934 2451 1053 2531 legibus
1076 2471 1106 2516 a.

69 2551 124 2614 tito
148 2553 219 2616 latis
247 2554 390 2617 incertum
410 2562 463 2617 est.
506 2553 614 2618 Visere
638 2553 714 2614 enim
741 2559 770 2614 et
794 2553 826 2613 in
852 2552 921 2615 foro
944 2551 1043 2616 dicere
1065 2552 1105 2616 acl

69 2667 257 2716 ecmannum
281 2671 375 2734 usque
403 2655 448 2718 M.
474 2653 603 2716 Porcina
628 2644 700 2715 sane
728 2654 832 2734 potuit.
880 2653 936 2716 llic
965 2655 1020 2718 etsi
1048 2671 1108 2718 non

67 2752 165 2816 cnon
190 2753 294 2816 literis
313 2761 401 2835 qnam
420 2755 517 2820 Galba
541 2754 635 2819 inisse
661 2753 808 2836 putandos
839 2761 883 2817 est
896 2749 965 2832 (Ἃ),
996 2756 1107 2834 insigni

65 2859 153 2918 amen
177 2855 269 2918 lanrle
292 2863 416 2918 ornatur
443 2855 628 2924 aGiceroae
644 2851 709 2934 (²⁴).
750 2853 868 2916 llinitor
894 2855 971 2916 erim
997 2855 1030 2916 in
1052 2855 1107 2918 illo

65 2939 150 3034 primo
161 2956 363 3020 Romanorum
379 2957 556 3036 apparuisse
572 2955 679 3018 leuitas
692 2954 887 3026 Graecorum,
903 2960 935 3015 nt
950 2953 1108 3018 verboram

66 3059 206 3137 asperitas
224 3055 342 3116 cultiori
355 3055 515 3118 elocutioni
531 3055 655 3118 cessisse
666 3052 817 3126 rideatur,
836 3051 1107 3118 innocuorhorum

65 3155 282 3240 comprehensio
304 3174 329 3218 a.
351 3153 505 3217 artificium
525 3154 643 3237 periodi
655 3153 814 3218 struendae
837 3161 866 3216 et
882 3153 991 3216 artifex
1012 3155 1107 3220 stilos.

62 3256 151 3336 lgnrnr
166 3255 209 3320 ad
222 3257 286 3319 eins
304 3255 469 3338 exemplum
484 3275 519 3318 sc
534 3255 680 3322 insenum
695 3254 727 3320 (i.
742 3255 892 3320 &ocolus
909 3261 939 3316 ot
952 3254 985 3318 G,
997 3254 1107 3320 Carbo.

62 3357 181 3436 llletor,
211 3359 263 3440 qui
289 3359 328 3420 acl
344 3359 523 3422 Herennium
542 3358 676 3440 scripsit,
702 3357 861 3422 Porcinam
878 3373 945 3424 curn
965 3356 1109 3439 Scipione

67 3459 155 3524 Galba
177 3459 289 3526 Crasso
312 3459 379 3522 aliis
400 3460 431 3522 in
454 3460 594 3541 exemplis
616 3459 803 3540 eloquentiae
820 3459 908 3547 ponit
925 3453 988 3538 (Ἠ).

138 3560 216 3624 linio
239 3549 378 3625 brevibus
400 3559 585 3648 adiungimus
608 3565 705 3624 amate
727 3565 779 3620 aut
796 3558 889 3640 paulo
911 3559 1038 3638 maiores
1056 3565 1108 3644 ant

65 3678 218 3744 suppares,
234 3662 293 3728 aed
317 3682 336 3725 a
352 3663 521 3746 principatu
534 3659 695 3728 facundiae
709 3659 886 3728 remotiones
900 3657 940 3730 1)-
959 3659 1107 3720 Metellum
1156 3736 1161 3747 ,

68 3782 269 3798 m

127 3860 171 3928 la)
184 3859 247 3915 biv.
264 3860 328 3930 epit.
341 3859 414 3915 nal.
502 3858 549 3927 20)
564 3849 635 3928 App.
646 3857 725 3929 Hisp.
737 3858 781 3914 83.
867 3855 913 3926 21)
930 3854 1001 3916 vell,
1014 3851 1049 3910 ll.
1065 3853 1105 3910 lo.

65 3940 118 3999 val
136 3944 216 4002 Max.
240 3943 314 3999 llll.
332 3946 365 4010 7,
390 3945 413 3999 l.
448 3943 491 4000 Cf.
507 3943 617 4014 Meyer.
641 3958 669 4014 p.
689 3943 747 4000 195.
833 3942 879 4008 Ὦ)
904 3939 1038 3996 Priscian.
1055 3937 1106 3992 lx.

63 4044 88 4096 p.
99 4029 156 4084 863.
171 4030 206 4085 Ρ.
219 4047 246 4101 p.
259 4030 317 4088 tao.
330 4029 367 4084 K.
399 4029 458 4086 Sed
469 4037 568 4084 contra
580 4029 668 4100 legem
682 4029 803 4086 Cassiam
816 4023 991 4082 ,tabellarium
1004 4039 1022 4074 a
1035 4021 1105 4076 Por·

66 4113 121 4167 cina
138 4114 239 4170 dictum
254 4131 315 4172 esse
333 4133 389 4172 non
404 4113 529 4169 eflicitur
545 4131 581 4168 en
597 4106 956 4175 torneamentum„
972 4105 1029 4165 ,onst
1046 4105 1106 4162 vult

62 4193 192 4268 Meyarnr
202 4217 231 4272 p.
241 4199 302 4269 loa
388 4199 435 4268 23)
454 4200 512 4257 cac.
524 4199 559 4254 tle
570 4195 618 4255 Or.
630 4197 650 4258 l,
665 4199 711 4265 lss,
723 4197 765 4254 40.
853 4193 903 4264 at)
918 4190 995 4247 Brut.
1003 4190 1048 4259 25,
1060 4189 1103 4250 95.

65 4279 105 4351 25)
122 4284 184 4341 Ser.
202 4283 324 4341 Hereun.
341 4283 387 4342 lv.
405 4285 430 4342 5.
1041 4286 1045 4301 ⁴

851 4331 893 4448 5*
