2676 4774
220 415 277 496 14
379 422 527 492 BREVIS
549 419 848 504 ELOQUENTIAE
871 418 974 488 ROM.
999 419 1108 490 fflsr.

696 649 723 734 s.
747 649 796 710 ro.

542 761 693 817 Doctrinae
713 759 837 816 Graecae
856 757 940 814 initia.

302 885 411 960 Primi,
441 903 516 967 quos
545 886 671 948 sciamus
701 889 780 946 artes
807 883 987 948 Graecorum
1014 881 1137 946 Romam
1167 886 1267 943 trans-

218 985 338 1062 tulisse,
354 984 494 1068 Epicurei
514 985 632 1048 fuerunt
650 985 779 1048 Alcaeus
801 992 830 1047 et
850 983 1011 1058 Philiscus,
1032 983 1084 1064 quui
1104 999 1170 1044 cunr
1191 982 1267 1044 rnol-

218 1085 293 1149 litiei
328 1095 357 1148 et
382 1087 519 1151 uitiorum
549 1087 686 1165 magistri
711 1104 770 1149 non
795 1085 906 1148 iniuria
929 1083 1114 1160 riderentur,
1146 1091 1267 1145 senatus

219 1185 354 1250 consulta
375 1186 412 1249 de
433 1189 551 1252 ciuitate
573 1187 659 1250 eiecti
680 1195 746 1249 sunt
767 1206 794 1249 a.
817 1207 847 1249 ιι.
868 1185 930 1250 581
945 1181 1008 1265 (⁴⁸).
1053 1183 1113 1248 Sed
1128 1185 1267 1247 innoxius

218 1287 300 1350 risus
329 1294 374 1348 est
398 1287 535 1350 litaretur
564 1287 668 1350 Crates
699 1287 844 1363 Mallote,
874 1287 925 1369 qui
952 1305 1016 1350 cum
1042 1285 1152 1364 legatis
1172 1284 1267 1348 Attali
1326 1299 1327 1352 ι

219 1388 469 1467 Pergamenorum
490 1389 572 1468 regis
593 1390 624 1450 in
643 1389 746 1480 urbem
765 1389 845 1452 uenit
865 1405 892 1451 a.
915 1387 987 1452 586.
1030 1387 1060 1450 Is
1081 1387 1172 1462 eninr,
1201 1403 1267 1449 cum

219 1505 287 1552 cras
308 1489 464 1568 fregisset,
489 1489 601 1554 Romae
622 1489 730 1552 diutius
756 1496 951 1552 commoratus
973 1487 1091 1552 scholas
1112 1486 1149 1549 de
1170 1488 1266 1550 literis

221 1591 343 1655 Graecis
358 1591 494 1667 instituit,
513 1591 619 1672 quihus
638 1590 744 1653 multos
765 1589 897 1654 studiose
918 1589 1089 1652 interfuisse
1108 1587 1189 1650 credi
1209 1606 1266 1670 par

219 1687 338 1772 est(⁴⁹).
381 1691 458 1756 Hinc
479 1692 651 1754 Latinarum
678 1693 766 1754 etiam
790 1691 944 1754 literarum
965 1689 1100 1754 doctrina
1121 1688 1266 1771 quaedam

218 1801 390 1874 provocata.
433 1793 502 1856 Fuit
524 1793 600 1856 euim
621 1792 725 1857 Crates
747 1793 888 1857 Suetonio
909 1797 983 1854 teste
1003 1791 1143 1855 Romanis
1165 1807 1264 1852 exem·
1325 1823 1327 1928 <

217 1893 299 1975 plum
334 1893 373 1956 ad
402 1893 585 1970 imitandum,
617 1901 649 1957 ut
681 1895 813 1957 carmina
843 1912 949 1975 parum
984 1892 1079 1956 adhuc
1110 1891 1265 1972 diuulgata
1325 1929 1327 1974 p

218 1993 389 2075 diligentius
416 2003 581 2058 tractarent
608 2014 644 2058 ac
667 1994 887 2059 commentando
915 2002 986 2058 nota
1011 1994 1158 2056 facerent:
1183 1993 1264 2056 relat
1325 2003 1327 2060 t

217 2093 251 2159 (l.
275 2097 412 2161 Octauius
429 2097 594 2180 Lampadio
610 2097 717 2161 Naevii
736 2097 846 2160 bellum
869 2097 1025 2170 Punicum,
1048 2093 1101 2157 alii
1123 2089 1261 2176 alia(⁵⁰).
1324 2101 1326 2154 ,¹

216 2196 301 2258 llunc
311 2196 544 2278 Lampadionem
558 2199 728 2260 libertinum
744 2197 889 2260 hominem
905 2205 933 2260 et
951 2193 1072 2262 Graecis
1092 2201 1262 2280 parentibus
1322 2216 1325 2225 ’

218 2296 372 2358 oriundum
397 2315 503 2360 nomen
530 2297 665 2361 ostendit.
707 2298 782 2360 Hinc
807 2299 960 2362 literarum
989 2318 1053 2362 eum
1085 2300 1262 2365 Graecarum
1322 2346 1325 2376 ι

217 2405 278 2459 tum
306 2397 505 2460 Romanarum
534 2399 640 2461 notitia
666 2417 735 2462 mon
762 2402 932 2463 necessaria
957 2401 1060 2464 hahita
1085 2409 1145 2478 est,
1177 2422 1262 2485 qnam
1324 2387 1325 2424 ³

218 2497 421 2560 adolescentes
448 2499 615 2562 rhetoribus
648 2501 687 2563 ad
715 2502 924 2566 institutionem
951 2502 1086 2566 medendi
1113 2504 1262 2586 perdisce-
1325 2545 1326 2551 κ

217 2605 284 2660 rent
301 2593 373 2678 (5¹):
405 2599 461 2661 etsi
493 2608 602 2663 certam
628 2603 775 2684 quandam
801 2604 887 2667 haina
914 2605 960 2666 rei
986 2603 1084 2685 legem
1110 2623 1170 2668 non
1195 2615 1262 2669 ante

217 2698 343 2762 medium
380 2701 509 2764 seculum
545 2703 627 2766 urhis
667 2707 820 2788 septimum
855 2707 1041 2770 observatam
1074 2707 1168 2772 fnisse
1199 2709 1261 2772 reri
1320 2715 1325 2804 J

217 2800 313 2863 simile
336 2797 455 2881 est(⁵'²).
498 2803 559 2867 Sed
581 2823 641 2885 qna
662 2805 783 2882 Grates,
806 2805 909 2870 eadem
928 2815 1025 2884 aetate
1046 2808 1106 2870 ianr
1128 2810 1260 2872 rhetores
1320 2805 1321 2816 ’

217 2909 247 2964 et
271 2902 442 2986 philosophi
463 2905 570 2970 Graeci
590 2905 713 2969 Romam
734 2924 802 2970 sess
821 2907 1024 2984 introduxere
1054 2911 1164 2992 quippe
1189 2929 1259 2992 qnos
1323 2919 1324 2956 l

217 3003 251 3068 (l.
273 3003 386 3068 Fannio
412 3006 457 3077 Μ.
478 3005 627 3070 Messalla
657 3009 826 3072 consulibus
858 3009 1006 3072 referente
1032 3011 1077 3074 Μ.
1099 3012 1259 3094 Pomponio

216 3111 355 3186 praetore
386 3113 505 3169 senatus
536 3108 610 3169 urhe
639 3106 781 3172 decedere
814 3111 934 3173 iusserit
965 3129 993 3174 a.
1020 3131 1049 3173 u.
1072 3113 1145 3176 593.
1170 3132 1199 3176 a.
1227 3113 1258 3178 (l.

217 3207 277 3268 161
293 3203 356 3290 (⁵³).
399 3207 460 3271 Sed
481 3208 585 3288 paucis
612 3209 696 3270 aunis
721 3218 789 3290 post
813 3218 895 3274 tanta
919 3212 1039 3274 incessit
1058 3213 1197 3290 mutatio,
1220 3221 1258 3289 ut,

217 3324 282 3368 cunr
307 3307 478 3388 philosophi
500 3305 668 3372 Carneades
684 3309 834 3374 Critolaus
860 3321 889 3375 et
917 3312 1068 3393 Diogenes
1096 3315 1192 3394 legati
1222 3315 1256 3376 alr

215 3407 442 3470 Atheniensibus
467 3406 590 3471 Romam
621 3410 702 3472 missi
731 3420 828 3476 essent
856 3430 883 3476 a.
908 3415 996 3491 598„
1032 3417 1159 3479 manium
1186 3416 1255 3482 Gar·

215 3507 318 3571 necdis
351 3509 573 3592 copiosissimae
605 3517 635 3573 et
663 3515 850 3578 acutissimae
876 3513 1089 3598 disputationes
1118 3517 1254 3598 plurimos

216 3616 245 3672 et
277 3609 479 3690 cupidissimos
513 3610 662 3676 auditores
693 3615 858 3680 invenirent
875 3613 929 3697 (⁵⁴)
961 3635 1015 3680 nec
1040 3619 1196 3700 quicquam
1220 3615 1253 3678 ad

217 3709 412 3790 philosophos
441 3719 470 3773 et
491 3711 621 3776 Graecos
649 3717 827 3780 coercendos
848 3717 969 3782 Catonis
992 3717 1127 3782 Censorii
1147 3719 1252 3783 ualeret

215 3811 377 3872 auctoritas
393 3808 461 3892 (³⁵st
506 3812 680 3896 Quanquam
706 3816 777 3908 ιῖἱιὶἱ
790 3818 866 3881 illud
894 3837 952 3884 non
984 3827 1082 3902 potest
1111 3821 1251 3885 Romanos

214 3915 423 3928 ⁸———

283 3973 328 4042 AS)
355 3976 515 4033 Athenaeus
537 3977 597 4032 Xll.
625 3995 653 4049 p.
678 3981 736 4036 547.
759 4001 785 4041 a.
872 3983 918 4052 49)
949 3984 1026 4039 Suet.
1052 3984 1147 4040 illustr.
1169 3999 1205 4056 gr.
1229 3981 1248 4034 l·

214 4059 260 4129 50)
278 4061 354 4116 Suet.
366 4059 383 4117 l.
396 4081 420 4120 c.
508 4063 554 4132 51)
572 4063 648 4122 Suet.
662 4065 699 4121 ill.
717 4085 756 4138 gr.
768 4071 794 4125 4.
817 4122 821 4132 ,
881 4071 927 4138 52)
944 4071 1092 4128 Westernu.
1105 4072 1122 4128 l.
1135 4071 1158 4126 'cr
1177 4088 1201 4140 p.
1212 4067 1248 4119 57·

214 4143 536 4288 53)ἳυεέιιιυέι.ιιοι.
551 4147 574 4206 r.
662 4152 707 4222 su)
721 4153 777 4210 cre
791 4151 1048 4224 decamanus,
1133 4151 1248 4219 aarum
1317 4151 1318 4168 ³

227 4247 297 4286 arc.
340 4242 375 4288 al.
431 4276 437 4289 .
