2676 4774
211 439 360 510 naevis
382 437 680 522 ELOQUENTIAE
702 437 805 508 ROM.
827 437 936 510 misr.
1033 447 1097 520 (tn

138 611 202 678 Non
227 613 312 676 modo
341 613 466 676 cumb.
493 612 602 676 Crasso
630 612 668 676 de
694 614 783 678 laude
810 615 944 678 oratoria
971 617 1097 694 muno,

66 716 162 780 Gatulo
189 715 301 778 maiore
328 723 357 777 et
378 714 509 778 Caesare
529 715 677 780 Strabone
702 716 935 779 familiaritatem
959 719 1098 782 babuisse

66 819 160 880 scimus
183 817 353 890 Antonium,
382 816 433 876 sed
462 834 526 880 cum
553 819 686 880 omnibus
711 818 790 894 fere,
819 818 870 898 qui
896 826 964 880 tuno
992 828 1097 893 essent,

66 920 126 981 riris
145 918 307 980 illustribus
329 925 446 979 mutuae
467 918 690 982 beneuolentiae
711 919 828 983 uinculo
850 920 964 981 innotus
983 919 1099 982 ridetur

65 1020 154 1082 luisse.
200 1018 303 1099 Nepae
335 1035 426 1080 causa
453 1019 518 1080 ulla
544 1020 673 1098 eogitari
697 1027 809 1100 potest,
841 1037 895 1082 cur
916 1019 949 1084 G.
970 1021 1098 1096 Marius,

66 1121 135 1181 emus
156 1137 290 1182 maerore
311 1120 342 1180 in
363 1119 546 1182 defendendo
567 1121 611 1183 Μ’
634 1117 758 1200 Aquilio
780 1137 960 1202 magnopere
982 1119 1099 1183 adiutus

66 1222 170 1295 dicitur,
203 1227 272 1302 post
303 1221 334 1281 in
364 1221 574 1284 interneciuum
602 1222 665 1284 eius
692 1221 790 1283 odium
823 1223 976 1284 exarserit
1023 1221 1097 1285 Num

65 1340 109 1383 ueu
128 1321 328 1384 saturniniani
353 1323 494 1404 temporis
521 1323 663 1385 memoria
687 1329 798 1384 tantum
824 1322 926 1384 ualere
948 1321 1048 1384 debuit
1070 1329 1099 1384 et

66 1423 163 1501 aquilii
189 1441 283 1484 causa
308 1430 435 1504 quatuor
462 1424 546 1485 annis
573 1431 641 1506 post
670 1431 738 1486 acta
762 1431 817 1486 est.
861 1422 975 1486 Gaudet
1001 1431 1098 1484 autem

68 1523 156 1584 dicero
177 1541 236 1586 non
257 1521 460 1598 mediocriter,
489 1541 554 1586 oum
575 1532 679 1604 gratos
699 1525 792 1586 fuisse
812 1525 940 1587 Antonio
962 1532 1098 1606 patruum

65 1625 142 1703 ipsius
162 1626 196 1687 L.
220 1625 393 1688 Ciceronem
421 1632 450 1686 et
471 1625 574 1688 aflines
595 1627 630 1688 L.
651 1626 830 1688 Aculeonem
852 1634 881 1687 et
902 1625 946 1688 Μ.
967 1625 1099 1687 Marium

66 1725 251 1788 Gratidianum
283 1725 435 1789 inculcare
466 1734 563 1807 potest
578 1723 642 1804 (⁸¹).
685 1727 824 1790 Morilrus
855 1725 1010 1808 probatum
1036 1726 1098 1786 An-

65 1826 159 1888 tonium
187 1826 282 1888 fuisse
309 1834 395 1907 puto,
427 1845 525 1907 quem,
557 1827 637 1908 quod
663 1836 730 1890 octo
755 1844 858 1890 seruos
884 1827 1034 1899 babuerit,
1067 1826 1098 1886 in

64 1926 187 2006 antiquae
218 1928 420 2008 parsimoniae
452 1928 594 2009 exemplis
625 1937 718 2010 ponat
748 1927 891 2008 Apuleius
912 1923 975 2005 (⁸⁶²).
1023 1925 1098 1988 Nam

64 2027 130 2104 quod
148 2027 240 2107 uulgo
258 2027 451 2109 prodigorum
467 2037 546 2103 erat,
567 2035 599 2090 ut
614 2029 733 2090 tabulas
755 2027 898 2090 conficere
919 2045 978 2088 non
996 2025 1099 2088 crede·

63 2133 143 2201 retur,
170 2137 198 2190 et
224 2127 335 2189 falsum
357 2135 422 2188 erat
450 2135 479 2190 et
504 2129 609 2192 Cicero
635 2129 729 2210 ipsius
753 2145 882 2208 persona
907 2125 1024 2186 indutus
1049 2142 1097 2187 re·

63 2224 195 2308 suntet).
232 2229 307 2291 Sero
330 2236 359 2290 et
379 2228 484 2291 leviter
500 2229 604 2292 literas
621 2229 756 2307 attigisse
773 2235 802 2288 et
817 2245 879 2288 mos
896 2226 1098 2308 plurimorum,

64 2329 105 2406 pai
122 2337 179 2392 tum
200 2331 299 2392 causis
317 2329 447 2396 dicendis
464 2347 585 2412 operam
607 2329 730 2405 dabant,
753 2335 782 2391 et
802 2329 894 2410 ipsius
917 2325 1098 2425 apudGice·

64 2445 150 2491 runem
171 2430 280 2494 dictum
295 2426 348 2510 (⁸⁴)
369 2431 504 2494 ostendit
548 2431 623 2493 Nam
644 2447 709 2492 cum
734 2447 790 2512 pro
813 2428 933 2491 consule
954 2429 1100 2507 navigans

64 2528 88 2588 in
97 2530 227 2594 Ciliciam
237 2533 366 2594 Athenas
383 2532 558 2613 appulisset,
575 2533 783 2613 philosophiae
797 2537 959 2612 praecepta
974 2530 1099 2610 primum

64 2647 118 2692 sese
138 2642 275 2711 gustasse
297 2631 433 2693 adfirmat
470 2633 632 2695 Praeterea
651 2633 697 2694 ins
720 2631 821 2706 uirile,
844 2631 926 2692 cuius
947 2631 978 2691 in
1001 2631 1100 2692 causis

63 2729 218 2796 forensibus
250 2734 392 2794 maximus
424 2750 494 2797 usus
521 2739 599 2807 erat,
631 2750 690 2796 non
721 2732 881 2811 ignorabat
913 2729 1013 2805 modo,
1047 2730 1100 2793 sed

62 2830 192 2907 imorare
214 2834 493 2915 praeseferebat,
521 2851 584 2895 enm
606 2849 666 2894 nun
688 2839 765 2894 esset
785 2831 974 2911 peregrinum
997 2839 1025 2891 et
1046 2831 1099 2892 ad-

63 2935 221 3009 uenticium,
244 2934 295 2996 sed
310 2933 474 2996 Romanum
495 2940 524 2993 et
538 2932 726 3006 domesticum
745 2931 817 2990 artis
834 2947 937 3006 genus.
969 2929 1100 3005 Accedit,

64 3034 129 3108 quod
150 3053 189 3096 ne
212 3033 362 3094 emendate
377 3032 494 3112 quidem
513 3031 705 3111 loquebatur,
727 3027 780 3090 sed
801 3030 844 3090 eis
859 3030 971 3103 uerbis,
994 3032 1100 3110 quibus

64 3131 218 3212 inrulgus
241 3133 328 3194 etiam
354 3132 447 3194 minus
476 3131 562 3194 cultis
589 3129 633 3192 uti
658 3148 721 3192 mos
748 3137 826 3206 erat,
856 3128 1039 3192 auditoribus
1061 3133 1099 3193 ab

64 3241 172 3296 oratore
194 3234 267 3294 satis
287 3233 352 3294 fieri
372 3249 462 3314 posse
481 3234 614 3314 putabat.

137 3335 243 3398 Gicero
270 3352 342 3396 sane
369 3333 505 3398 inlibris
532 3334 570 3398 de
593 3335 721 3398 Oratore
744 3330 776 3393 id
797 3347 890 3409 agere
909 3331 1039 3408 ridetur,
1067 3341 1101 3396 ut

64 3433 195 3496 Antonius
216 3435 319 3498 literas
335 3436 465 3497 Graecos
488 3437 596 3518 optime
618 3451 762 3513 cognosse
783 3439 812 3494 et
835 3441 920 3495 acute
941 3433 1099 3508 iudicasse,

65 3533 108 3594 scd
130 3544 253 3617 propter
281 3537 449 3618 aequalium
480 3537 715 3618 superstitionem
747 3551 767 3594 a
790 3535 958 3613 peregrinis
986 3535 1100 3596 artibus

66 3693 263 3712 ’ᾕ-ι--ι-

67 3795 170 3936 illppparn
187 3797 223 3856 Β.
243 3799 303 3855 etv.
328 3799 348 3853 l.
372 3799 412 3853 72.
444 3799 504 3854 Vol.
529 3798 606 3854 Max.
631 3796 705 3852 vtlt.
729 3796 760 3866 9,
784 3797 810 3854 2.
845 3794 893 3850 IX.
915 3796 947 3864 2,
972 3796 996 3850 2.
1026 3795 1099 3852 Veli.

88 3922 94 3936 .
126 3884 149 3941 2.
1044 3917 1045 3920 ¹

124 4003 170 4072 Sl)
193 4001 371 4060 craesos.
393 4002 517 4068 tl.1,1.
600 3999 646 4068 89)
670 4000 749 4072 Apul.
774 3998 809 4051 de
826 4011 898 4066 mag.
922 4014 949 4065 p.
972 3996 1013 4049 ³1.
1033 3993 1098 4064 Bip.

66 4081 105 4150 Sd)
128 4087 181 4145 Gla.
200 4089 235 4144 de
253 4085 311 4144 0r.*
322 4088 355 4142 ll.
372 4089 422 4156 23,
440 4089 483 4144 97.
519 4086 607 4142 Vetus
630 4087 766 4156 interpres
784 4081 962 4133 verrinarum
985 4078 1021 4131 de
1039 4077 1099 4132 filio

66 4167 177 4228 Antonio
200 4175 308 4230 Cretico
333 4173 481 4244 intellexit,
505 4174 552 4243 qni
573 4189 641 4232 sune
665 4169 803 4240 prodigus.
839 4165 967 4220 Correxit
991 4161 1100 4236 {lipsius

67 4249 123 4309 Vcr.
136 4255 221 4317 Lectt
237 4258 257 4314 l.
271 4259 296 4314 7.
314 4276 341 4330 p.
354 4258 414 4317 803.
505 4259 552 4328 st)
573 4258 629 4316 cic.
642 4255 678 4310 de
688 4252 738 4311 Or.
755 4249 890 4318 l.18,82.
