2676 4774
216 431 250 503 Β
369 425 519 500 Bonus
541 425 839 514 ELOQUENTIAE
861 427 964 500 ROM.
986 429 1097 499 uisu.
1159 427 1161 432 ’

215 603 299 668 laudi
320 601 417 668 studia
437 599 684 683 incendendum)
704 610 895 686 comparatae
915 612 1027 680 essent,
1052 605 1264 668 sententiarum

216 704 359 784 dtgmtata
378 705 593 788 verborumque
620 704 787 786 granditate
808 706 912 787 populi
932 705 1058 772 Romani
1083 707 1263 788 magnitudi-
1316 771 1320 775 .

216 819 282 869 aem
304 803 431 889 quodum
454 807 540 871 modo
563 823 709 889 aequasse
728 805 872 870 uidentur.

697 973 778 1058 Μ.

552 1069 684 1144 'nuutios
700 1087 923 1144 adolescentium
949 1131 955 1146 .

298 1211 334 1274 st
361 1212 431 1292 quis
453 1219 518 1275 erat
533 1211 603 1274 illis
630 1209 811 1294 temporibus
840 1209 999 1291 eloquens,
1029 1209 1170 1272 immudis
1197 1219 1264 1273 erat

213 1318 338 1374 namtas
363 1311 506 1388 beneficio
535 1311 649 1376 dehita:
678 1328 762 1376 nemo
788 1313 864 1374 enim
888 1309 1101 1373 addicendum
1124 1313 1264 1374 institue-

210 1411 301 1474 lsatar
328 1427 382 1476 nec
409 1421 475 1476 erat
490 1405 552 1475 'ars
577 1413 643 1476 olla
664 1411 826 1477 doctrinae,
868 1411 1077 1476 Adulescentes
1098 1412 1175 1473 enirn
1201 1430 1264 1474 uon

212 1517 272 1574 tam
293 1513 389 1577 literis
411 1522 440 1576 et
460 1515 668 1594 magistrorum
687 1529 763 1579 uoce
789 1512 1012 1588 erudiebantur,
1041 1529 1128 1594 pam
1148 1531 1206 1574 usa
1233 1520 1265 1574 et

213 1631 297 1676 more
325 1615 446 1697 publico
480 1617 664 1682 obseruando
697 1617 831 1680 conuictu
865 1613 1030 1696 principum
1068 1614 1262 1678 contubernio

213 1713 327 1777 ducum.
371 1716 457 1795 Quod
480 1718 634 1798 usquead
657 1713 809 1783 Ciceronis
831 1723 957 1779 aetatem
978 1723 1120 1778 retentum
1142 1723 1203 1790 est,
1227 1724 1262 1779 ut

213 1832 298 1878 senes
325 1823 355 1880 et
383 1819 521 1881 honorati
550 1819 587 1883 de
614 1821 679 1883 iure
705 1817 916 1901 respondentes
942 1817 991 1881 rel
1017 1816 1054 1879 de
1084 1817 1263 1897 republica

213 1915 391 1981 disserentes
418 1920 507 1982 turbu
533 1919 704 1983 discentium
731 1917 907 2000 gauderent,
935 1917 966 1980 id
990 1919 1028 1979 als
1049 1917 1261 1998 antiquissimis

212 2018 339 2082 ciuitatis
359 2022 540 2103 temporibus
561 2021 748 2104 repetendum
768 2037 836 2084 esse
856 2019 921 2084 ueri
936 2003 1114 2082 simillimum
1129 2019 1261 2082 uidetur.

211 2118 251 2182 Et
274 2128 319 2183 est
343 2122 417 2185 laec
443 2121 618 2205 disciplinae
641 2123 735 2199 rufio,
763 2131 795 2186 ut
816 2123 961 2202 grutuita,
986 2121 1030 2182 ita
1053 2120 1262 2183 honestissima

212 2227 242 2282 et
265 2222 303 2284 ad
325 2223 490 2302 surgendum
511 2225 739 2304 magnitudinem
760 2225 921 2288 Romanam
948 2223 1104 2304 plurim
1125 2221 1260 2285 contulit.
1327 2300 1329 2309 Ι

210 2319 305 2384 Erant
326 2325 402 2386 enim
418 2342 477 2386 non
494 2325 625 2404 frigidae
642 2326 850 2404 magistrorum
867 2325 1093 2406 disputationes,
1116 2321 1169 2384 sed
1189 2323 1260 2386 rita
1327 2376 1329 2398 ,

209 2421 326 2485 uirtutis
353 2425 504 2506 exempla3
531 2443 591 2489 non
617 2427 736 2488 inutiles
765 2427 801 2489 dc
824 2427 915 2488 rebus
942 2426 1043 2488 atita
1069 2424 1259 2486 alienissimis
1325 2415 1330 2495 j

210 2520 451 2605 disceptationes,
473 2527 525 2590 sed
546 2527 582 2590 de
599 2545 710 2590 summa
730 2546 764 2590 re
784 2527 905 2610 publice
926 2535 955 2590 et
975 2525 1112 2588 laudibus
1131 2519 1260 2588 deitatis
1325 2504 1328 2523 ¹

210 2625 367 2687 servandis
380 2628 582 2710 augendisque
597 2638 759 2712 praecepta
779 2631 935 2692 multorum
952 2643 1095 2691 annorum
1108 2645 1164 2688 usu
1186 2643 1259 2688 con-

209 2721 334 2788 firmata.
370 2728 456 2805 Quod
472 2740 630 2812 praeterea
645 2733 835 2796 Etruscorum
858 2729 1000 2810 quasdam
1017 2735 1096 2790 artes
1117 2726 1260 2790 didicisse

209 2823 344 2890 feruntur
367 2829 584 2908 adolescentes,
616 2833 647 2895 id
674 2833 814 2896 Romanis
842 2831 972 2894 moribus
1006 2836 1036 2890 et
1066 2827 1158 2890 cultui
1185 2845 1258 2891 rere

207 2929 348 3009 populari
368 2939 407 2994 ‘et
434 2932 592 2998 domestico
622 2933 756 2997 olfecisse
785 2931 959 2995 credendum
986 2947 1045 2992 non
1073 2936 1126 2990 est.
1175 2928 1259 2990 Nilnil

209 3030 285 3091 enim
311 3041 432 3112 praeter
451 3037 671 3117 haruspicinam
694 3043 724 3097 et
749 3051 811 3096 rem
833 3033 1077 3112 agrimensorium
1102 3037 1181 3091 artes
1200 3046 1257 3091 ue-

208 3133 354 3195 cessarias
383 3134 514 3215 quidem,
548 3136 600 3198 sed
626 3154 692 3198 ,non
722 3134 823 3214 magui
856 3133 894 3196 ad
919 3134 1069 3213 ingenium
1102 3129 1258 3193 colendum

207 3236 358 3309 momenti,
380 3251 418 3297 ex
441 3235 563 3302 Etruria
585 3235 681 3300 Roma
701 3235 821 3298 deduxit
835 3231 897 3314 (¹⁷).

217 3406 220 3416 ’
278 3413 320 3481 16)
336 3414 484 3472 Westarm.
498 3416 516 3471 l.
530 3433 552 3472 a.
570 3434 597 3488 p.
609 3415 652 3470 29.
741 3414 785 3483 17)
799 3413 996 3486 Haruspiuiuae
1008 3412 1158 3466 discendae
1171 3429 1256 3466 causa

207 3497 549 3558 adolescentesRomanos
567 3499 673 3557 nobiles
693 3500 720 3554 in
732 3499 872 3554 Etruriam
895 3501 990 3554 missos
1007 3515 1070 3553 esse
1081 3497 1255 3552 Goerennius

208 3585 236 3638 lu
253 3583 339 3658 Legg.
356 3585 389 3646 ll,
407 3585 439 3654 9,
456 3586 498 3643 nl.
518 3597 546 3642 et
563 3586 738 3642 Frundsenus
754 3585 782 3640 in
799 3585 894 3639 libello
912 3585 946 3637 de
964 3583 1161 3654 Haruspicibus
1178 3583 1253 3638 edito

206 3671 232 3724 a'.
247 3667 313 3725 lenc
331 3672 495 3742 argumentis
508 3673 642 3746 oppositis
657 3669 796 3726 infirmare
812 3671 981 3726 studuerunt.
1008 3669 1122 3726 Frustra
1134 3672 1252 3741 quidem.

206 3753 377 3824 Scriptorum
389 3757 461 3813 enlm
471 3759 625 3812 testimonia
638 3759 694 3814 Cic.
705 3757 792 3829 Legg.
804 3756 822 3812 l.
836 3773 858 3812 c.
877 3755 972 3810 Dicin.
987 3752 1008 3810 l.
1019 3755 1063 3812 dl.
1080 3755 1143 3812 Liv.
1151 3755 1198 3812 tn.
1209 3755 1251 3812 36.

204 3838 267 3894 Val.
280 3839 358 3894 Max.
370 3839 391 3894 Ι.
407 3841 431 3908 l,
445 3841 467 3897 l.
482 3843 562 3897 aliter
575 3843 688 3915 intelligi
701 3859 757 3898 uon
770 3849 892 3913 possunt.
918 3841 1066 3902 Quomodo
1080 3839 1144 3896 fieri
1157 3842 1253 3913 potuit,

204 3933 234 3980 ut
246 3925 344 3981 Cicero
356 3925 468 3994 dicarat,
482 3929 556 3998 quod
568 3929 607 3982 illi
622 3929 728 3995 volunt,
741 3927 894 3998 principum
905 3927 1100 3982 Etruscomtm
1110 3925 1186 3982 lilios
1199 3929 1253 3982 sin·

204 4009 458 4082 golisEtruscorum
472 4013 596 4084 gentibus
606 4014 772 4068 erudiendos
786 4013 902 4068 traditos
914 4013 994 4066 essai
1011 4013 1068 4068 Cur
1077 4013 1254 4068 truderentur

203 4096 381 4168 popularibus
400 4098 446 4168 qui
463 4097 535 4152 inter
550 4098 698 4169 populares
716 4099 867 4154 vivebant?
902 4097 964 4152 Nec
981 4097 1056 4153 aliud
1071 4099 1208 4154 indicatur
1226 4101 1254 4153 iu

202 4179 335 4254 Legibus
345 4185 503 4256 principes
516 4183 669 4248 Etrurtua
681 4183 781 4254 inquit,
796 4182 988 4256 disciplinam
1000 4185 1135 4248 docento,
1151 4185 1255 4256 quippe

201 4265 393 4324 adolescentes
405 4268 544 4326 Romanos
563 4268 599 4326 ad
617 4269 774 4329 discendum
790 4271 896 4329 missos.
928 4269 993 4330 Nou
1012 4270 1062 4328 luit
1078 4269 1255 4342 haruspicum
