2660 4776
178 419 328 488 nanus
349 419 647 502 nnooonorrou
669 411 772 490 oooo.
795 421 903 490 mss.
977 425 1067 498 aas
1162 403 1165 412 ’

43 597 88 656 slat
105 591 194 654 oratio
206 587 265 670 (ὅ).
298 591 447 656 Tribunus
468 593 564 674 plebis
583 591 637 660 (ln.
653 594 794 675 Pompeio
810 595 928 658 tertium
947 596 1067 660 consula

44 693 92 754 sine
111 692 224 772 collega
246 683 310 754 cuni
330 694 416 758 bonis
439 696 518 758 stetit
539 695 662 758 Milonis
685 695 823 758 defensor
844 703 873 758 et
894 695 958 774 legi
978 698 1066 762 Pom·

43 794 111 872 peine
135 792 169 854 de
200 794 231 857 ri
259 795 498 860 intercessionem
524 797 676 872 minitans,
708 815 795 878 quaro
820 796 1007 877 priuilegium
1035 800 1066 860 in

42 894 160 956 Milonem
190 894 265 958 ferri
292 895 408 960 dicebat
424 893 482 976 (Β).
532 897 627 974 Quam
656 899 693 962 ob
722 917 785 962 rem
811 915 934 974 somma,
968 905 998 960 ut
1024 899 1067 960 ait

43 994 144 1071 dicero,
173 995 319 1059 bonorum
346 997 496 1060 volontate
520 1007 590 1060 ante
610 1017 716 1061 aunum
741 1017 825 1062 saum
844 999 950 1062 aedilis
969 999 1064 1062 iaetus

42 1101 73 1154 est
101 1113 126 1156 a.
154 1097 230 1172 704,
267 1099 317 1178 qni
346 1106 410 1160 erat
439 1099 631 1180 prouincialis
658 1099 820 1164 Ciceronis.
869 1099 944 1162 lluic
973 1100 1066 1178 igitur

41 1194 123 1256 aedilis
139 1197 373 1276 elegantissimas
391 1199 461 1262 illas
478 1200 510 1260 in
527 1199 662 1264 Ciliciam
679 1201 822 1281 epistolas
840 1200 967 1280 scripsit,
988 1217 1065 1280 quae

41 1303 122 1360 oraro
146 1297 225 1360 libro
249 1298 508 1364 Ciceronianarum
535 1301 728 1364 continentur.
771 1299 831 1364 Sed
859 1317 923 1363 cum
942 1307 1065 1381 propter

40 1413 115 1458 nores
138 1397 298 1462 dissolutos
321 1418 391 1462 aere
411 1402 509 1464 aliano
530 1402 651 1465 obrutos
671 1403 731 1464 iam
751 1402 782 1464 in
802 1402 868 1484 ipso
890 1402 1076 1480 magistratu,

40 1495 155 1561 Caesaris
178 1515 288 1564 causae
306 1519 372 1564 sese
394 1501 532 1566 addicere
549 1504 709 1585 coepisset,
731 1520 818 1584 qoam
840 1503 878 1564 ob
899 1519 961 1566 rem
979 1501 1064 1566 Gice-

38 1599 100 1660 roois
124 1599 256 1664 discesso
283 1621 302 1664 a
327 1620 359 1664 sc
382 1604 448 1684 ipso
470 1603 640 1668 discessisse
659 1603 766 1668 dicitnr
786 1600 855 1684 (⁷),
883 1601 963 1666 bello
985 1602 1065 1666 cirili

39 1705 88 1760 orto
112 1709 213 1782 aperte
242 1702 281 1764 ad
300 1703 381 1768 illius
402 1703 560 1768 lectionem
579 1706 705 1794 transiit.
748 1705 823 1767 ilinc
845 1703 883 1766 ab
904 1721 940 1766 eo
961 1702 1064 1766 duatus

37 1798 59 1858 io
75 1800 240 1883 Hispaniam
264 1803 345 1866 bello
367 1803 531 1868 Afraniano
557 1813 728 1886 praetorem
755 1805 845 1868 multo
868 1811 937 1868 ante
959 1821 1064 1866 anuum

36 1903 126 1981 accepit
155 1921 187 1965 a.
211 1906 274 1968 706
302 1904 336 1968 G.
367 1905 499 1970 Caesare
529 1906 685 1970 secuudum
711 1907 746 1970 P.
775 1903 904 1970 Seruilio
931 1903 1064 1966 banrieo

37 2002 185 2066 mmulibas
197 1999 260 2084 (Β).
303 2005 364 2068 Sed
386 2023 450 2067 oum
466 2005 598 2070 Caesare
618 2007 650 2068 io
667 2005 794 2070 Graecia
813 2003 924 2066 bellum
943 2010 1065 2081 gerente

35 2111 134 2182 propter
161 2105 224 2168 mm
251 2107 330 2168 seris
360 2106 450 2168 alieni
472 2105 655 2171 turbulentas
684 2105 768 2184 leges
795 2103 876 2166 ferre
896 2102 1065 2181 tabulisque

34 2205 98 2266 nouis
128 2205 315 2268 instituendis
346 2223 468 2287 operam
500 2206 572 2269 dare
600 2207 759 2287 coepisset,
791 2203 866 2266 urbe
897 2201 999 2284 pulsos
1026 2211 1064 2278 et,

35 2319 83 2364 aon
111 2306 207 2370 accito
236 2307 353 2371 Milone
385 2309 505 2372 servitia
536 2325 591 2390 per
616 2307 733 2370 ltaliam
761 2305 951 2379 concitasset,
984 2303 1065 2366 eirea

35 2401 140 2468 llorios
161 2407 334 2470 interiectus
347 2415 401 2480 ,est
420 2426 526 2472 annum
548 2426 641 2489 ageos
665 2407 844 2470 tricesimum
861 2405 1015 2486 quintum(
1039 2403 1063 2484 ).

99 2507 239 2570 Moribus
267 2509 425 2572 iracundus
453 2518 518 2572 erat
543 2509 581 2572 ad
607 2509 752 2572 insaniam
769 2502 822 2587 (¹⁰)
853 2514 895 2584 et,
927 2524 991 2568 oum
1017 2507 1063 2568 iu-

35 2605 127 2684 signem
144 2608 263 2670 formae
280 2608 451 2688 dignitatem
466 2611 548 2673 ioedi
563 2612 694 2674 homines
706 2617 734 2672 et
745 2609 882 2670 mulieres
898 2607 1064 2688 impudicae

21 2716 201 2787 expeterent,
224 2711 320 2788 magis
342 2711 435 2772 secoli
457 2729 544 2792 quam
565 2730 622 2774 sna
645 2711 735 2791 culpa
755 2710 847 2773 uitam
867 2708 946 2770 uitiis
967 2708 1064 2787 inqui-

33 2816 110 2870 natam
132 2810 197 2890 egit
208 2805 273 2888 (¹¹).
316 2810 460 2888 Magnam
479 2813 554 2873 enim
577 2811 734 2874 Catilinam
755 2808 895 2870 assectati
914 2807 1066 2868 infamiam

35 2921 82 2970 esse
98 2910 272 2992 oportebat,
289 2927 343 2970 nec
360 2917 471 2971 tamam
488 2910 633 2971 iudicibus
653 2908 811 2985 caliginem
820 2907 852 2966 in
866 2923 957 2968 causa
968 2905 1065 2968 (laelii

34 3005 164 3073 olundere
185 3010 283 3089 potuit
300 3009 422 3082 Cicero,
446 3010 517 3089 quin
534 3007 614 3088 qood
627 3025 728 3070 rerum
746 3011 823 3068 esset
837 3005 1063 3086 perspiceretur.

33 3105 213 3183 bellatorem,
241 3107 321 3187 qood
350 3127 436 3188 quam
463 3117 547 3190 torpe
567 3106 709 3174 Romanis
732 3105 893 3169 conuicium
913 3104 1006 3166 visam
1027 3105 1065 3166 sit

32 3212 84 3271 satis
111 3213 223 3284 scitur,
257 3209 437 3289 antiquiores
465 3216 579 3273 secutus
607 3214 694 3274 uocat
722 3207 896 3271 Macrobius
914 3199 982 3286 (¹²),
1006 3221 1064 3266 nec

30 3306 198 3376 honestiores
220 3317 286 3372 sunt
305 3309 430 3372 feminae
446 3311 705 3396 libidinosissimae
724 3307 848 3372 Clodiae
862 3323 978 3368 amores
990 3301 1064 3385 (¹³);

30 3407 181 3489 inquinatos
203 3428 300 3474 mores
320 3411 413 3492 ipsius
432 3414 534 3494 paucis
555 3417 680 3494 tangunt
701 3409 764 3472 alii
798 3409 845 3470 De
866 3424 937 3470 aere
953 3405 1062 3482 abeno,

31 3544 226 3564 'Qu-...-

85 3641 111 3708 5)
135 3641 183 3696 De
201 3641 296 3697 Caelio
320 3661 338 3696 a
362 3651 448 3698 seruet
472 3644 533 3714 ipso
558 3641 672 3696 defenso
696 3639 773 3694 testis
797 3637 946 3692 Suetonius
970 3636 1006 3691 de
1028 3638 1080 3691 el.-

30 3719 97 3778 rbett.
112 3727 153 3779 2:
227 3727 255 3795 6)
278 3727 377 3784 Asson.
400 3729 428 3782 iu
446 3729 588 3798 prooemio
606 3725 643 3780 ad
658 3723 856 3789 Milonianam,
875 3721 909 3778 el.
927 3722 984 3778 Cio.
999 3721 1061 3778 Mil.

31 3805 69 3871 33,
85 3809 124 3865 81.
154 3809 302 3878 Brutsltl,
320 3812 379 3868 ζ113.
469 3814 497 3880 7)
524 3813 580 3868 (lic.
594 3809 677 3876 ‚nnuc
697 3809 716 3864 l.
735 3827 758 3866 c.
844 3807 872 3876 8)
900 3807 983 3862 Errat
1000 3805 1062 3862 Ma·

30 3890 106 3947 nutius
125 3904 301 3964 quaestorem
317 3897 444 3954 Curionis
466 3900 494 3952 in
510 3897 605 3951 Africo
624 3894 709 3949 luisse
727 3893 889 3957 arbitratus,
914 3894 961 3962 qui
978 3892 1063 3961 ipsius

31 3979 140 4044 aequalis
167 3987 235 4036 erat.
321 3981 349 4049 9)
374 3982 454 4038 Caes.
473 3981 508 4037 Β.
528 3981 587 4036 Cis.
611 3978 658 4035 111.
675 3978 710 4034 20
726 3993 785 4047 sqq.
818 3974 880 4030 Liv.
907 3978 971 4044 epit.
991 3971 1061 4026 0111.

31 4055 90 4114 Vell.
102 4062 135 4116 11.
149 4063 192 4120 68.
211 4072 238 4118 et
253 4067 292 4121 ibi
305 4069 392 4138 intpp.
402 4068 459 4122 Dio
472 4064 557 4120 xnll.
568 4064 611 4118 22.
699 4061 743 4127 10)
761 4060 871 4112 Seneca
883 4057 918 4110 de
928 4058 971 4112 ira
980 4054 1025 4108 lll.
1035 4055 1062 4111 8.
1075 4104 1078 4112 .

32 4141 66 4209 ll)
77 4147 131 4202 (lie.
140 4149 195 4204 Att.
205 4149 254 4204 Vl.
265 4150 288 4207 1.
304 4150 451 4216 ValMax.
462 4151 545 4216 lvb,
555 4150 579 4203 7.
593 4147 707 4208 Quintil.
717 4144 738 4199 1.
748 4143 774 4210 6,
784 4141 827 4196 29.
903 4139 946 4209 ln)
963 4137 1062 4198 Saall.

30 4239 51 4292 l·
64 4229 120 4292 ³89.
138 4233 181 4294 ed
198 4235 284 4292 Zeun.
374 4235 417 4306 13)
434 4237 469 4297 P.
483 4235 621 4303 Victorius
637 4233 705 4290 Van.
722 4228 811 4286 beent.
828 4223 905 4282 XVI.
924 4225 949 4282 l.
1066 4311 1068 4316 Ι
