2660 4776
203 403 291 476 tto
364 385 514 468 Bautis
536 393 837 480 seootttsttttns
856 396 962 468 ttoni.
983 396 1095 470 fflsr.

202 574 291 638 annis
312 572 467 647 distarent,
495 588 555 634 non
575 569 696 634 multum
716 585 790 635 eane
809 569 937 636 Sisenna
956 571 1145 640 bonomium
1165 589 1253 655 prae-

205 675 340 740 oelebat.
364 671 463 738 'Gum
492 673 589 736 literis
620 671 738 754 optimis
770 670 901 738 ernslitus
934 680 1023 738 esset.
1039 681 1069 736 et
1097 674 1253 756 eloquendi

203 775 430 856 inveniendique
457 774 640 855 diligentiam
667 772 804 848 stenes,
829 780 927 836 amen
954 773 1099 840 industria
1120 777 1188 842 sola
1207 778 1252 840 in-

202 878 284 944 dolis
312 878 464 941 oratoriae
496 876 640 940 leteotum
672 875 748 938 adeo
776 891 967 956 compensare
993 894 1053 942 aon
1077 878 1191 958 potuit,
1220 885 1253 940 ut

202 997 300 1062 neque
327 979 469 1042 maiorem
497 984 708 1059 assequeretur
735 983 764 1040 et
784 976 891 1040 minori
911 975 1030 1040 oelemt
1046 973 1112 1058 (⁴⁶).
1156 978 1252 1041 Genus

201 1083 268 1144 eius
295 1079 411 1145 meeum
432 1080 615 1160 auoquitstis
637 1077 763 1159 quolam
784 1077 928 1157 aerugine
949 1079 1074 1142 obsitam
1097 1087 1127 1142 et
1148 1078 1253 1142 (linaro

200 1183 319 1246 sotem
347 1189 377 1244 et
401 1181 587 1260 manassei
609 1179 738 1261 plurime
759 1179 798 1242 ob
826 1179 947 1244 eandem
974 1197 1094 1244 eausam
1123 1196 1162 1242 ex
1191 1181 1253 1242 eius

201 1283 289 1346 libris
310 1277 575 1361 enotareruutlfll.
611 1281 716 1360 Magis
738 1299 826 1362 qoam
845 1281 1028 1348 nerbantius
1049 1281 1177 1344 historia
1192 1281 1253 1344 lle-

202 1403 292 1448 maua
317 1383 403 1448 libris
430 1383 544 1446 duobus
566 1389 595 1446 et
614 1383 720 1462 viginti
740 1382 907 1464 posenno
927 1381 1050 1456 osma,
1076 1383 1159 1446 orins
1180 1381 1253 1446 belli

200 1485 322 1552 Sullani
344 1486 561 1549 enarrationem
587 1491 701 1566 partem
720 1483 828 1559 inisse,
853 1501 913 1548 uon
933 1483 1114 1562 singularem
1135 1483 1253 1560 librum,

201 1588 362 1671 probabile
388 1585 513 1652 siletur.
555 1585 781 1650 Verumtamen
802 1584 935 1665 quamuis
957 1599 1115 1665 superenne
1135 1585 1252 1666 priores

202 1689 366 1754 medendus
381 1695 439 1764 est,
460 1695 558 1750 tamen
578 1703 616 1750 ue
631 1689 700 1769 ipse
712 1685 829 1768 quidem
844 1684 876 1748 il
891 1703 967 1767 opus
983 1684 1142 1748 seeundum
1158 1685 1252 1750 Grae·

201 1809 305 1856 aarum
331 1791 506 1872 seriptorum
533 1789 712 1870 elegantiam
735 1787 874 1870 perierit,
906 1793 938 1850 ut
964 1803 1060 1868 neque
1090 1787 1252 1850 honoriioe

201 1891 242 1956 tle
268 1909 304 1956 eo
329 1891 438 1955 iutlioet
460 1891 567 1956 Giosro
593 1897 623 1954 et
647 1890 801 1953 historiam
826 1907 846 1953 a
870 1889 966 1952 literis
986 1889 1127 1952 Romanis
1155 1888 1252 1951 adlsuo
1324 1883 1325 1886 ’

199 1993 309 2057 abessa
329 1992 494 2076 queratur(
520 1989 544 2072 ).

251 2159 255 2168 ,
290 2097 321 2158 o.
342 2099 474 2156 liciata
501 2099 604 2156 Moser
630 2091 708 2156 ilem
737 2097 961 2174 assequatur,
991 2091 1046 2174 qui·
1068 2097 1137 2172 post
1162 2107 1253 2172 prse-

200 2205 297 2262 turam
325 2216 346 2260 a
371 2196 515 2260 Gioeroue
545 2201 685 2278 praetore
712 2211 741 2256 a.
766 2194 830 2256 686
861 2191 898 2255 tle
927 2191 1068 2274 paulum
1097 2191 1253 2254 dannatus

199 2299 399 2366 voluntariam
418 2302 541 2358 mortem
563 2296 698 2377 sumpsit3
720 2311 798 2376 quae
819 2311 911 2358 eausa
928 2311 993 2360 esse
1009 2294 1119 2376 ponus,
1139 2301 1174 2356 ut
1188 2293 1252 2356 eius

269 2525 315 2596 46)
340 2525 395 2582 (ic.
421 2523 500 2588 Brut.
523 2525 543 2582 l.
568 2545 592 2585 e.
632 2527 677 2582 Ex
699 2527 834 2585 Corneliis
857 2529 1001 2584 Sisennam
1024 2526 1110 2583 inisse
1131 2527 1251 2585 Ursinus

199 2612 294 2668 docuit
309 2612 345 2666 ad
361 2612 428 2665 Sall.
440 2611 497 2685 lug.
507 2612 553 2668 98.
572 2623 600 2669 et
614 2613 729 2668 Vossius
747 2613 782 2670 de
794 2613 863 2668 llist.
876 2612 938 2670 Lat.
952 2613 973 2669 1.
989 2613 1030 2669 16.
1048 2632 1075 2686 p.
1086 2616 1130 2668 st.
1159 2614 1251 2671 Natus

200 2697 274 2751 eirca
291 2714 316 2752 a.
329 2696 381 2752 665
397 2707 553 2768 praeturam
567 2700 739 2771 peregrinam
758 2699 875 2771 gessisse
892 2717 929 2753 ex
940 2699 1049 2754 ahenea
1064 2699 1160 2755 tabula
1175 2699 1250 2770 opud

199 2781 330 2838 Ursinum
343 2783 427 2838 scitor
439 2801 465 2838 a.
477 2783 537 2840 676.
566 2783 681 2856 Pigltlas
694 2793 769 2840 errat
783 2801 818 2840 eo
831 2801 904 2840 anno
918 2791 1090 2854 quaestorem
1102 2785 1250 2856 ponendo:

175 2887 179 2897 “
199 2867 315 2940 quodsi
332 2885 428 2924 verum
442 2878 531 2938 esset,
547 2871 595 2926 uix
614 2869 749 2928 Cicerone
765 2870 853 2925 maior
869 2870 971 2927 suisset.
1008 2869 1114 2926 Contra
1125 2869 1251 2924 Velleius

198 2951 234 3009 lt.
247 2952 274 3010 9.
292 2953 468 3023 (ermuini.)
485 2973 546 3012 eum
565 2972 626 3010 cum
639 2953 672 3009 L.
681 2956 828 3028 Antipatro
846 2955 938 3011 Crassi
955 2953 1083 3028 magistro
1101 2952 1136 3007 P.
1145 2953 1251 3009 Rutilio
1322 2955 1323 3014 l

196 3037 312 3092 Valerio
330 3039 439 3094 Antiate
458 3039 573 3096 Claudio
592 3039 776 3112 Quotngarto
788 3041 939 3112 coniungit,
954 3057 1011 3094 non
1024 3048 1117 3094 aetate
1128 3039 1250 3110 aequali·

197 3121 264 3190 bus¹‚
281 3123 332 3178 sesl
345 3124 419 3195 quod
437 3125 536 3180 eodem
546 3133 672 3195 tempore
689 3125 847 3193 edideruots
864 3125 981 3180 Rutilius
1000 3133 1075 3180 certe
1090 3126 1182 3179 maior
1199 3125 1250 3178 init

197 3211 276 3267 attala
291 3209 430 3266 minimam
443 3211 555 3281 triginta
566 3211 696 3281 quinqua
785 3212 833 3282 tt)
849 3211 956 3268 Gellius
970 3210 1120 3266 aemulam
1132 3211 1249 3271 Quintil

196 3293 219 3350 l.
237 3295 269 3362 6,
284 3293 325 3352 ts.
345 3311 409 3355 eura
426 3298 558 3350 assentio
577 3311 630 3366 pro
647 3300 796 3356 maestior
812 3297 915 3352 dixisse
930 3297 1052 3362 mavit,
1069 3295 1170 3354 Festus
1186 3313 1248 3352 οπο-

196 3379 339 3436 sesam
354 3396 406 3454 pro
424 3379 661 3450 mediterraneo,
687 3383 761 3452 quod
779 3384 879 3438 nemini
896 3389 1008 3454 praeter
1024 3382 1112 3453 iprum
1131 3382 1248 3454 placuit3

194 3483 281 3538 porro
295 3466 397 3538 primus
415 3466 482 3522 diste
494 3473 618 3542 patrem
627 3465 771 3538 familiae
787 3487 815 3526 v.
831 3469 953 3524 Probum
970 3486 997 3539 p.
1007 3467 1083 3534 220„
1102 3475 1131 3521 et
1138 3473 1249 3540 patres

191 3550 384 3620 familiarum
401 3568 429 3608 v.
444 3551 525 3606 Vsrr.
538 3552 597 3608 LL.
611 3552 685 3607 Vlll.
704 3572 730 3625 p.
747 3555 804 3621 73.;
823 3553 1019 3626 eonqenulare
1037 3560 1064 3607 et
1081 3552 1249 3608 remuleare

194 3652 232 3690 ax
254 3653 291 3690 eo
313 3637 460 3706 exscripsit
476 3635 583 3692 Nouius
608 3637 810 3710 p.571l1erc.;
834 3639 907 3694 ielem
931 3642 1031 3712 apisci
1052 3655 1105 3708 pro
1128 3640 1251 3708 assequi

194 3720 232 3775 la
247 3721 296 3787 iis,
315 3723 361 3790 qui
378 3721 432 3774 iter
448 3719 572 3778 lacerent
589 3739 617 3794 p.
632 3723 692 3790 tta3
711 3725 877 3782 wadnam
893 3741 947 3797 pro
960 3722 1109 3798 prodesse
1125 3739 1189 3778 enno
1205 3739 1249 3776 sc·

193 3805 323 3861 canava
345 3805 444 3860 dieasse
460 3810 495 3879 lp.
514 3806 582 3874 2743
607 3809 733 3865 aaran
754 3827 808 3882 pro
832 3827 871 3865 em
892 3817 982 3884 poste
1002 3824 1119 3866 comeso
1141 3825 1170 3879 p.
1190 3807 1248 3871 sis

193 3889 315 3964 denique
332 3891 467 3950 adaerbia
483 3892 648 3951 delatorem
663 3903 691 3949 et
707 3894 879 3965 festmatione
899 3914 931 3968 p.
945 3893 987 3951 66
1007 3891 1084 3959 ott,
1105 3894 1185 3948 ouius
1201 3893 1248 3946 aa·

192 3977 353 4038 verbtoram
369 3979 478 4051 gomerls
492 3995 570 4035 mum
583 3988 796 4050 praeposterum
809 3981 836 4036 lo
850 3998 888 4036 ao
897 3982 1041 4053 vituperat
1051 3980 1135 4036 etiam
1143 3977 1249 4034 Gallias

192 4059 255 4117 xit.
270 4063 311 4120 ts.
347 4062 394 4118 De
406 4065 525 4120 Sisenna
543 4065 751 4136 praetenues,
769 4083 844 4138 quoa·
855 4066 1082 4132 summiserant,
1101 4065 1181 4132 elisit,
1197 4062 1248 4120 sed

192 4145 260 4230 nibil
277 4149 345 4204 novt
361 4148 637 4218 narbonnensis,
655 4153 886 4209 commentatione
903 4151 978 4208 etita
985 4149 1119 4207 mutae
1134 4167 1160 4206 a.
1171 4147 1247 4205 1864.

193 4230 240 4302 to)
258 4231 316 4290 Cio.
333 4231 460 4306 110qu.
480 4231 514 4304 2,
531 4233 560 4294 7.
