2690 4780
211 381 366 454 annus
386 380 685 466 niononnrnto
707 381 810 454 ROM.
832 381 941 454 ffls'r.
1014 386 1104 462 m

59 575 107 624 rua
132 571 200 622 cnm
218 556 432 633 Demosthene,
459 563 520 619 tum
540 557 629 620 etiam
653 556 743 634 illud,
770 555 849 638 qnod
874 555 1105 622 iurisdietionem
1220 595 1226 606 ·

13 665 14 668 ’
60 660 196 722 urbanam
224 659 282 722 illo
311 676 390 722 anno
418 659 522 722 labent
548 657 584 722 Τ.
604 659 717 722 Annius
737 657 827 722 Milo.
870 657 932 722 Sed
959 658 1044 720 nulla
1069 674 1106 722 re

13 815 14 848 3
60 761 150 840 magio
173 759 356 825 illnsmatum
383 767 428 824 est
455 758 541 826 Gulsi
569 761 736 840 ingenium,
769 777 857 840 mam
884 760 1048 824 sedminm
1073 764 1106 820 ta

13 871 14 908 2
64 865 219 934 Vatinium,
243 862 405 943 asquinus
425 861 490 926 iere
507 861 581 924 solis
598 861 752 944 desumpta
772 861 1006 943 exemplorum,
1028 875 1105 942 quaa

62 963 95 1024 ab
121 964 193 1026 artis
228 964 423 1046 scriptoribus
453 962 616 1027 afferuntur
635 959 699 1044 (⁷⁶).
748 963 882 1026 Maxime
908 961 1032 1026 laudata
1053 967 1106 1045 xost

61 1063 179 1126 secunda
208 1065 317 1128 exiis
345 1066 451 1128 oratio.
495 1065 556 1128 Sed
581 1083 641 1128 non
666 1065 757 1146 plane
783 1065 896 1128 clarum
924 1071 982 1140 est,
1009 1069 1105 1126 utrum

60 1166 110 1227 lae
129 1167 262 1228 ardores
287 1185 322 1230 re
343 1174 372 1229 et
388 1173 521 1248 tompore
542 1167 692 1230 seiunctae
711 1167 837 1241 tuerint,
866 1185 906 1230 an
927 1166 1048 1228 habitae
1072 1165 1104 1228 in
1201 1233 1205 1238 ,

62 1267 155 1330 eaden
182 1285 287 1332 cansa
332 1267 450 1332 demum
481 1274 526 1330 est
553 1269 701 1334 Vatinium
733 1269 858 1332 ambitus
886 1284 969 1330 reum
994 1265 1104 1328 laetum

13 1389 14 1400 ¹
62 1367 200 1445 aGnlro,
228 1387 296 1431 cunr
315 1369 360 1432 Μ.
385 1369 528 1444 Comum
553 1378 696 1451 praetura
717 1369 872 1433 deiecisset
894 1388 922 1432 a
944 1370 1025 1442 700,
1050 1365 1104 1428 aed

13 1469 14 1524 ζ
63 1469 217 1532 ahsolutum
243 1469 417 1532 defendente
438 1471 583 1534 Cicerone
607 1479 718 1551 rogatu
738 1471 871 1552 Pompeii
888 1467 958 1551 (⁷⁷);
987 1485 1025 1531 ex
1045 1468 1102 1530 luo

63 1571 164 1634 eodone
180 1578 266 1646 sunt,
283 1589 360 1652 qnae
377 1571 456 1652 apud
472 1573 631 1656 scriptores
647 1573 745 1636 relcta
759 1573 904 1638 ridemus:
925 1570 990 1632 fere
1004 1568 1103 1631 omnia

63 1673 127 1734 enim
156 1673 284 1734 ambitus
315 1672 490 1735 mentionem
522 1673 640 1738 hahent.
690 1675 799 1740 Verum
831 1691 896 1736 enm
926 1672 975 1734 hio
1007 1687 1102 1731 annus

63 1770 136 1836 Galri
149 1773 241 1836 inerit
255 1773 411 1837 vicesimus
427 1790 536 1849 nonus,
557 1793 617 1836 non
630 1776 725 1856 potnit
745 1773 814 1837 inde
832 1771 996 1852 exemplum
1010 1786 1101 1857 prae-

63 1881 182 1938 maturae
208 1875 243 1936 in
268 1874 336 1936 foro
365 1874 500 1938 dictionis
528 1877 617 1952 sumi,
643 1895 698 1939 neo
724 1877 849 1958 primam
871 1875 934 1936 eius
956 1871 1102 1934 actionem

13 2019 15 2026 ·
63 1974 235 2039 innotuisse
253 1975 429 2054 significari,
451 1977 507 2038 etsi
519 1978 619 2058 prima
634 1977 778 2040 claruisse
792 1975 901 2038 dicitnr
920 1992 940 2034 a
956 1972 1102 2051 scriptore

63 2072 165 2156 dialogi
185 2076 223 2140 de
245 2078 415 2140 oratoribus
431 2073 496 2156 (⁷⁹).
538 2077 578 2140 Et
599 2095 665 2140 oum
686 2076 795 2140 Calvus
818 2094 838 2137 a
858 2073 1020 2136 scholiasta
1040 2071 1102 2132 Bo·

63 2173 147 2240 liensi
166 2179 343 2242 omdnnnm
356 2179 511 2243 Ciceronis
535 2179 614 2242 inter
633 2185 776 2260 patronos
797 2177 831 2239 P.
852 2172 948 2239 Sextii
970 2169 1101 2234 nnme-

64 2275 180 2360 tor(³⁹),
213 2297 301 2360 qnam
329 2279 479 2342 deimoum
505 2297 572 2344 esse
600 2298 628 2342 o.
657 2279 721 2342 698
750 2283 859 2339 eertum
886 2280 945 2350 est,
976 2272 1102 2354 primam

64 2373 161 2442 Vatinii
186 2383 405 2444 domnionem
426 2382 521 2447 Sentii
544 2381 743 2445 defensionem
768 2386 901 2460 tempore
927 2372 1102 2438 antecedere

65 2486 180 2557 oportet;
206 2482 288 2562 quod
314 2484 341 2544 si
367 2485 411 2545 ita
432 2492 490 2560 est,
518 2501 578 2546 non
598 2482 729 2547 eiusdem
753 2478 855 2544 delicti
880 2479 927 2541 his
948 2495 1018 2540 rens
1038 2475 1101 2540 Va·

64 2579 140 2644 tinim
154 2582 212 2644 fuit
227 2589 281 2646 rut
294 2584 451 2665 ampliatos
472 2585 521 2649 rel
537 2583 809 2667 comperendinatus
827 2588 884 2656 est,
907 2578 960 2642 sed
975 2577 1100 2643 dirersis

14 2765 15 2770 ἵ
65 2683 233 2761 tenporibus
259 2691 290 2746 et
312 2683 350 2746 de
371 2686 434 2748 alio
454 2685 545 2768 plarm
565 2686 683 2749 delicto.
724 2685 802 2748 ilino
823 2699 916 2744 eausa
940 2680 1101 2742 minimo

66 2787 103 2842 est
127 2783 157 2844 in
176 2784 279 2864 Piglii
304 2787 477 2848 smteotiam
502 2788 664 2850 inel'mandi
683 2785 832 2850 Vntinium
852 2801 881 2844 a.
902 2782 983 2853 696,
1013 2778 1101 2842 Gnlri

66 2880 190 2946 uicesimo
217 2887 336 2966 quinto,
364 2893 532 2950 mouentum
553 2887 747 2950 existimantis
773 2883 856 2964 apud
873 2886 1042 2968 praetorem
1065 2873 1100 2940 G.

66 2978 220 3048 Memorium
240 2989 402 3052 maiestatis
418 2989 488 3067 lege
503 2989 620 3050 Licinia
639 2986 739 3058 Inois,
761 2999 849 3063 mam
863 2977 1101 3061 promulgatione

66 3096 111 3160 1¹⁶r
128 3087 323 3152 triundinnm
342 3087 483 3170 neglecta
501 3087 636 3153 Vatinius
659 3085 768 3168 prioris
791 3083 859 3144 anni
880 3079 1014 3144 tribunus
1034 3077 1099 3143 rio-

67 3274 160 3349 ienoos,
182 3283 284 3352 Calvo,
308 3285 443 3342 cicerone
465 3291 495 3340 ot
513 3284 575 3339 aliis
598 3283 733 3348 tonnae,
756 3296 870 3352 quornm
893 3279 1005 3338 nentina
1023 3277 1100 3350 igno·

15 3401 16 3406 ,
67 3371 157 3422 tenur-

126 3449 170 3518 76)
198 3452 267 3510 Sunt
291 3453 375 3510 haee:
407 3451 502 3510 Prima
532 3454 666 3524 partienda
695 3451 769 3525 apud
796 3451 894 3508 lolium
918 3449 1115 3507 Severianum
1246 3437 1249 3444 ’

69 3545 91 3599 p·
104 3531 150 3590 ³42
165 3537 252 3609 Capp.
276 3539 312 3595 ei.
330 3539 438 3596 aanor.
456 3533 675 3596 emendationem
697 3539 726 3593 in
745 3537 816 3592 nde.
837 3537 870 3591 ad
891 3536 974 3592 Rutil.
993 3551 1021 3604 p.
1037 3529 1098 3586 276.

67 3615 152 3674 Altera
169 3623 241 3692 apod
255 3625 384 3695 Aquilam
401 3641 428 3694 p.
445 3623 520 3692 1811,
541 3625 692 3695 memque
710 3622 785 3692 apud
804 3621 918 3681 Quintil.
937 3619 983 3676 lx.
1003 3619 1035 3683 3,
1055 3617 1099 3674 56.

69 3707 92 3753 et
99 3701 254 3764 Diomedem
268 3727 296 3780 p.
306 3710 383 3775 tta„
402 3710 476 3780 opud
492 3727 573 3781 quem
585 3711 685 3767 vitiose
701 3707 805 3764 cattos
822 3725 874 3779 pro
886 3705 976 3764 Codro
992 3704 1099 3776 legitor.

69 3780 120 3842 lloe
130 3791 205 3846 solae
217 3793 253 3850 ad
264 3796 386 3866 priorem
397 3797 532 3852 nemnem
545 3795 637 3868 aliquo
650 3795 734 3852 mode
745 3794 844 3851 referri
857 3800 979 3866 possunt.
1005 3789 1100 3844 Tertia

69 3872 131 3936 llud
143 3874 253 3934 Quintil.
271 3879 318 3935 Vl.
337 3882 367 3946 1,
383 3880 425 3936 13.
443 3890 471 3936 et
485 3881 620 3936 Senecam
638 3898 682 3951 ep.
694 3880 738 3936 94.
773 3880 880 3940 Quarta
899 3877 971 3948 apud
984 3871 1098 3933 Quintil

68 3948 108 4009 IX·
123 3958 152 4026 2,
165 3960 206 4017 75.
225 3971 257 4019 et
270 3963 405 4020 isidorum
418 3965 497 4036 Hirp.
512 3963 608 4036 origg.
627 3963 659 4019 ll.
674 3965 716 4020 nt.
735 3984 762 4036 p.
775 3965 819 4018 19.
853 3963 957 4021 Quinta
975 3965 1005 4012 et
1018 3961 1099 4010 sexta

68 4041 286 4107 ilulchridom
298 4069 325 4122 p.
340 4049 397 4106 ten.
409 4058 437 4106 et
448 4051 507 4106 703.
515 4085 524 4116 ,
539 4067 593 4120 ono
608 4050 672 4104 loco
687 4049 788 4106 dodum
803 4048 919 4102 Vattottt
928 4059 980 4115 pro
994 4038 1098 4096 Ford-

66 4125 456 4192 ntteorreeticneillatamest.
543 4135 589 4202 77)
608 4133 663 4191 cm
676 4135 713 4195 Q,
725 4133 771 4190 Fr.
783 4131 818 4189 ll.
832 4129 873 4185 ld
957 4125 1006 4195 78)
1021 4119 1097 4180 att

69 4204 212 4275 79780101.
228 4216 300 4278 Boin.
317 4223 470 4292 argumenti
487 4235 528 4278 or.
546 4237 574 4292 p.
593 4219 690 4275 Sextio
708 4238 735 4292 p.
751 4217 810 4274 292
828 4215 872 4276 ed.
892 4211 980 4272 orori.
