2660 4776
197 427 348 500 boans
369 427 667 513 ELOQUEN'llAE
689 429 792 500 ROM.
815 429 923 502 illst.
1027 435 1087 508 10

55 599 91 662 Ι..
105 597 187 666 Sulla
213 599 249 678 Q.
275 600 415 684 Pompeio
447 603 616 668 consulibus
648 603 781 668 tribunus
814 609 931 666 creatus
961 605 1087 688 primum

54 719 99 780 pro
125 701 239 782 legibus
267 703 393 766 ciuitatis
414 702 605 768 defendendis
625 707 704 768 stetit
725 704 882 768 adiuuante
903 705 936 768 P.
956 707 1084 770 Antistio

53 802 164 880 collega.
218 803 437 884 0ppngnabaut
474 806 550 868 enim
582 805 849 870 axnaordinariam
879 805 913 869 G.
946 803 1086 870 Caesaris

53 903 190 965 Strabonis
220 904 391 967 consulatus
410 923 448 967 ax
468 905 621 970 aedilitate
641 908 810 988 petitionem
828 901 895 986 (⁸⁸):
925 924 983 988 qno
1007 923 1084 969 anno

53 1001 142 1065 Giaero
169 1003 343 1068 adolescens
367 1014 458 1068 totum
479 1006 562 1068 illius
585 1006 701 1068 dicendi
722 1024 815 1086 genus
836 1007 951 1088 penitus
971 1023 1084 1085 cogno·

52 1103 84 1164 tit
97 1101 156 1182 (⁸⁷).
197 1105 276 1168 Mox
304 1123 370 1168 anm
392 1105 424 1170 G·
445 1107 548 1170 Mario
571 1108 743 1188 conspirans
763 1106 802 1170 ad
823 1106 938 1171 Sullam
958 1107 1084 1188 irnperio

52 1202 110 1264 belli
124 1205 318 1270 Mithridatici
338 1206 542 1288 depellendum
560 1207 700 1290 populun
718 1207 935 1288 gladiatoribus
952 1207 1084 1283 armatis,

52 1321 122 1382 poem
141 1307 334 1372 miserantum
356 1309 495 1384 uocabat,
523 1307 562 1372 ad
584 1308 799 1372 assentiendum
820 1309 927 1388 coegit.
969 1308 1084 1388 Legum

52 1404 155 1486 abipso
171 1407 301 1472 latarum
316 1409 519 1490 perversitatis
534 1409 651 1490 insigne
671 1409 835 1491 exemplum
850 1409 907 1472 illa
922 1415 975 1484 est,
994 1427 1084 1490 quant
1157 1459 1159 1469 .

52 1503 129 1570 deti
155 1507 256 1572 eiectis
285 1510 317 1572 in
341 1511 487 1574 ciuitatem
507 1509 682 1574 reducendis
703 1510 785 1587 tulit,
813 1519 968 1594 postquam
989 1510 1084 1574 eidem

51 1606 98 1682 rei,
122 1624 182 1670 anm
209 1609 273 1672 alio
299 1611 414 1674 nomine
442 1611 575 1675 emulum
604 1629 695 1678 causa
716 1619 871 1692 ageretur,
898 1610 990 1693 paulo
1015 1617 1084 1674 ante

51 1713 113 1768 emet
137 1708 310 1774 aduersatus
327 1707 390 1792 (⁸⁸).
433 1710 494 1776 Sed
515 1711 603 1776 Sulla
630 1714 809 1793 &consina
834 1711 994 1787 seditione,
1023 1729 1084 1792 que

52 1805 78 1882 Q.
90 1807 215 1891 Pompeii
233 1811 373 1891 collegae
388 1811 466 1874 ilius
481 1813 652 1876 interiectus
669 1821 728 1889 est,
749 1812 823 1876 urbe
840 1811 946 1876 cedere
962 1819 1083 1877 coactus

49 1923 104 1969 uox
122 1924 183 1972 cnm
203 1911 376 1991 legionibus
398 1912 511 1976 ebolo
526 1911 629 1990 rediit;
651 1913 726 1976 urbe
742 1921 912 1996 expugnata
930 1911 1082 1996 Sulpicius

49 2023 100 2072 cun
119 2009 184 2076 aliis
200 2012 338 2076 undecim
359 2014 452 2076 hostis
472 2011 618 2078 iudicatus
639 2013 671 2076 iu
691 2013 767 2092 iuga
785 2008 949 2094 periit(⁸⁹).

117 2109 219 2176 Cicero
255 2111 419 2192 Sulpicium
450 2131 470 2174 a
501 2121 609 2176 natura
639 2111 878 2193 praeclarissime
910 2112 1083 2182 instructum

48 2206 123 2274 insse
144 2213 181 2276 ad
202 2212 357 2278 dicendum
377 2211 497 2276 indicat
539 2212 694 2294 Inprimis
715 2212 831 2276 acdona
850 2211 987 2286 rubebat,
1009 2227 1083 2276 uoce

50 2312 118 2374 suari
144 2321 173 2376 et
198 2322 298 2378 tamen
326 2313 505 2391 fortissima,
532 2320 619 2394 gestu
644 2311 753 2393 grandi
780 2329 817 2376 ac
843 2329 940 2396 paene
963 2313 1081 2392 tragico

49 2413 198 2492 praeditus,
222 2416 341 2480 llnmina
362 2423 392 2478 at
415 2433 503 2480 cursu
522 2417 681 2480 verborum
700 2407 901 2494 insignis(⁹⁰).
937 2413 1082 2478 Damnum

48 2508 124 2586 igitur
138 2514 246 2584 literae
262 2518 413 2582 Romanae
430 2524 619 2600 praematuro
637 2517 723 2580 buius
739 2515 873 2590 interitu,
895 2521 927 2578 ut
945 2514 1082 2590 Gracchi,

48 2608 175 2692 laterone
201 2617 294 2699 idque
312 2635 348 2684 eo
372 2619 479 2682 certius
502 2617 560 2680 dici
580 2624 696 2700 potest,
723 2631 781 2698 quo
803 2616 871 2697 plus
892 2615 1082 2700 prolecturus

49 2714 117 2776 aunis
130 2717 280 2800 Sulpicius
302 2725 367 2780 enat
387 2717 617 2782 adinventionis
633 2719 748 2799 copiam
766 2723 796 2778 et
811 2717 984 2781 ubertatem.
1016 2715 1082 2778 llao

48 2821 117 2890 perte
141 2819 413 2884 medardense
441 2819 502 2882 iem
529 2836 568 2880 ex
594 2818 649 2880 illo
672 2816 825 2882 Ciceronis
845 2815 1013 2878 testimonio
1034 2815 1082 2876 in·

48 2912 189 2994 telbgitur,
213 2936 273 3000 qno
288 2919 324 2984 P.
339 2919 497 2991 Anneius,
518 2933 583 2980 oum
598 2915 649 2980 diu
662 2915 818 2989 iacuisset,
839 2913 966 2993 deniqne
979 2929 1082 2978 serata

49 3027 150 3080 oausam
181 3026 286 3082 nactus
317 3016 350 3080 (l.
382 3016 521 3082 Caesaris
557 3014 642 3078 illam
672 3013 842 3094 petitionem
873 3012 991 3091 legibus
1026 3011 1081 3076 ad-

48 3127 196 3180 nauantem
226 3117 315 3200 plura
346 3122 376 3178 et
409 3115 545 3179 acutiora
571 3113 682 3180 dhisse
707 3109 869 3191 indicetur,
902 3129 990 3193 wem
1015 3113 1083 3195 ipso

48 3212 180 3298 Sulpicius
194 3214 257 3298 (⁹¹).
289 3217 360 3293 llic,
382 3233 447 3280 cum
468 3217 564 3296 magis
584 3215 767 3295 intelligeret
788 3213 859 3296 quid
880 3213 938 3276 sibi
956 3211 1082 3291 damnet,

48 3329 120 3391 poam
150 3337 244 3402 opera
271 3325 300 3380 et
324 3317 431 3381 labora
457 3317 578 3398 assequi
604 3322 726 3398 cuperat
742 3310 813 3396 (⁹⁹),
846 3311 950 3387 Crassi
975 3315 1081 3384 similis

47 3420 215 3496 esserolnit,
240 3417 292 3482 sed
307 3419 428 3482 multum
443 3417 481 3480 ab
499 3419 585 3482 huius
601 3418 728 3480 sanitate
743 3423 772 3480 et
787 3415 892 3498 lepore
909 3413 1027 3496 abfuit(
1053 3415 1079 3496 ).

48 3511 189 3584 Staienos
217 3520 344 3600 scriptas
368 3537 428 3582 non
452 3518 587 3600 reliquit:
615 3535 707 3598 saepo
734 3517 811 3580 enim
837 3534 870 3578 se
890 3533 987 3596 neque
1007 3533 1080 3578 con·

48 3629 134 3681 suessa
159 3622 290 3686 seribere
310 3636 406 3700 neque
426 3637 516 3700 posse
536 3618 689 3684 confessus
711 3623 756 3680 est
774 3611 839 3696 (⁹⁴).
883 3615 967 3694 Quae
986 3615 1080 3696 igitur

49 3729 241 3758 ’‘Q—n·—

103 3811 146 3883 86)
165 3817 267 3874 Ancona
285 3817 321 3870 ad
338 3817 449 3872 Gornel.
467 3833 510 3888 pr.
528 3816 585 3872 cte.
599 3814 666 3870 Har.
680 3815 764 3890 Resp.
780 3814 824 3869 20.
851 3811 932 3870 Brut.
950 3813 1000 3882 63,
1019 3813 1080 3870 aad.

47 3887 349 3968 leccennaeonoc.
425 3899 716 3968 easaetenatone.
730 3897 870 3964 tensae.
948 3896 1078 3963 conver.

46 3970 74 4030 ll.
84 3978 119 4036 te.
135 3983 195 4042 btv.
206 3984 417 4056 epttmxxvtt.
434 3985 506 4040 Plnt.
514 3984 583 4039 snb.
594 3985 634 4040 lo.
647 3985 719 4054 App.
727 3982 762 4037 B.
769 3982 800 4036 G.
810 3980 830 4036 1.
838 3979 881 4034 60.
960 3979 1006 4046 90)
1021 3977 1078 4032 (lic.

46 4053 232 4135 bretenaco.
250 4067 433 4136 neonem,
445 4068 501 4123 131.
520 4067 655 4133 tannen.
740 4065 787 4131 cn)
805 4060 1078 4128 οωωιωρκ.

46 4138 84 4277 9Βῖ)
100 4149 152 4208 oa
162 4152 439 4222 enuntiabatur.
526 4151 572 4221 aa)
590 4145 865 4216 cammenata.
955 4143 1079 4214 aecta

69 4238 114 4287 ut.
127 4235 174 4305 eo,
187 4237 262 4297 noe..
824 4287 827 4294 .
