2644 4774
240 349 343 423 400
561 337 966 412 Exrulcnulortus

242 519 392 586 seruiebat
418 517 551 601 quamuis
578 515 743 594 lumiliter,
771 522 803 578 ut
828 515 923 578 nunde
951 509 1096 578 clientelis
1121 511 1211 576 latins
1237 509 1282 574 do·
1311 560 1312 598 p

243 622 416 685 minaretur.
448 619 513 683 lloo
529 636 589 682 uon
601 619 777 682 Plutarchus
797 616 893 680 solnm
908 622 1045 690 testatur,
1066 614 1149 676 ouius
1165 614 1283 676 anemii·
1311 605 1312 684 1

242 729 305 785 tate
317 721 459 802 Meyerns
480 721 571 784 utitur
589 717 629 799 (o.
646 718 691 799 7.)
713 717 766 782 sed
787 719 877 782 etiarn
895 715 1001 780 (lisano
1018 713 1076 780 Oli.
1093 715 1118 778 l.
1137 716 1194 791 66,
1218 717 1282 776 itte:

243 827 363 900 11111661
384 823 452 894 att,
483 825 532 900 qut
553 821 665 899 qnidois
684 824 894 899 perpetiantur,
917 821 1007 878 111111
1026 817 1201 886 deserviant,
1230 815 1283 873 dnn

245 922 321 1002 quod
340 923 427 983 oeltot
448 929 668 1000 consequantur,
688 929 721 980 ot
736 919 849 980 sadum
869 927 896 978 et
912 921 958 979 M.
971 917 1107 977 01111111
1122 913 1285 984 maon.

331 1023 362 1080 o.
384 1021 522 1100 mnam]
542 1020 808 1084 turbulentissimus
831 1017 1013 1081 asseolarum
1031 1015 1137 1079 Marii.
1178 1014 1209 1078 Is
1234 1032 1285 1076 eun

244 1121 277 1182 in
297 1120 372 1182 urbe
398 1121 538 1184 oaedihus
568 1129 598 1184 et
625 1121 738 1203 rapinis
763 1120 942 1184 assuevisset
967 1125 997 1180 et
1022 1118 1054 1178 in
1074 1115 1171 1179 Marii
1192 1115 1287 1177 fnnue

243 1220 412 1303 pontiioem
438 1224 593 1284 maximnm
623 1221 660 1299 Q.
684 1221 861 1286 Soaerolam
892 1219 1030 1298 iugulare
1060 1223 1184 1279 eonatns
1206 1223 1286 1290 esset,

244 1321 364 1401 legatus
388 1323 423 1386 L.
445 1323 560 1388 Valerii
578 1323 681 1387 Flaooi
710 1323 852 1388 adversus
872 1319 988 1385 Sullam
1015 1318 1098 1380 missi
1126 1317 1286 1396 legionibus

244 1421 354 1484 illectis
374 1423 458 1485 illum
480 1423 519 1486 ad
543 1432 665 1487 mortem
686 1425 761 1502 egit,
783 1425 848 1505 ipse
871 1429 968 1483 autem
990 1419 1143 1482 definiente
1165 1419 1288 1480 exereitu

246 1529 339 1583 semet
353 1523 461 1587 oooidit
477 1542 504 1587 a.
516 1527 588 1588 669.
619 1525 655 1592 V.
669 1525 734 1589 Lis.
753 1521 962 1606 epLXXXll.
989 1519 1151 1583 Drumann.
1171 1518 1285 1582 ilistlt

248 1628 271 1684 t.
286 1621 324 1684 ll.
345 1641 375 1704 p.
394 1625 483 1701 dit„
505 1643 590 1707 quem
612 1625 738 1690 aduocat
757 1626 909 1705 Meyerus.
1312 1611 1313 1614 ¹

331 1727 434 1785 insano
455 1729 528 1785 inter
548 1727 679 1804 dismas]
709 1727 777 1789 lino
807 1725 974 1787 illustratur
998 1717 1078 1801 qnod
1104 1725 1183 1782 teste
1207 1719 1289 1798 Quin-

245 1821 353 1885 tiliano
374 1822 451 1890 Vlll.
472 1827 507 1903 8,
528 1828 579 1888 32.
601 1826 675 1889 dixit
695 1826 898 1901 tralmtortra
918 1825 939 1886 i.
961 1839 987 1885 e.
1012 1821 1144 1884 insanire
1165 1821 1199 1882 in
1220 1821 1291 1884 Fin-

245 1922 332 1986 hriae
353 1923 478 1988 modum.
520 1926 690 1990 Formnlam
712 1929 789 1987 atas
810 1947 857 1987 aas
878 1943 976 2002 apere,
1005 1923 1087 1984 ouius
1113 1921 1205 2001 origo
1229 1937 1291 1983 ere

206 2061 210 2068 ·
247 2037 338 2086 saara
367 2026 529 2108 repetenda
560 2037 623 2107 est,
657 2027 789 2091 illustrat
821 2023 1010 2091 Ruhnkenius
1043 2023 1075 2084 iu
1105 2022 1180 2085 Ter.
1208 2021 1291 2086 Andr.

249 2124 273 2188 l.
295 2125 401 2202 2,15.

333 2228 405 2290 2³4.
451 2227 501 2288 Ga.
529 2229 668 2288 mota
700 2224 866 2303 catomo]
899 2223 1003 2288 eonsul
1030 2241 1059 2286 a.
1080 2223 1163 2300 682,
1197 2239 1295 2285 oensor

248 2325 328 2404 684,
358 2335 513 2410 utrumque
541 2345 605 2392 oum
633 2329 669 2392 L.
692 2327 789 2394 Gellio
815 2326 989 2409 Poplioola;
1020 2325 1139 2405 legatus
1169 2322 1293 2405 Pompeii

247 2424 330 2489 bello
348 2429 539 2509 praedonum.
580 2429 698 2494 Laudat
718 2429 894 2510 grauiment
914 2429 946 2490 in
967 2445 1003 2491 eo
1026 2435 1055 2490 et
1075 2424 1236 2490 consilinm
1252 2423 1294 2488 Gi

249 2541 319 2590 oero
341 2529 448 2592 Manil.
471 2533 530 2606 23,
550 2532 603 2595 68.

334 2629 454 2708 cauta]
475 2630 623 2695 studiosos
646 2629 795 2693 auditores
809 2627 953 2704 hahebat,
973 2625 1162 2709 probabatur
1182 2625 1294 2688 audien-

248 2723 336 2790 tibus.
378 2729 490 2792 lodta'o
521 2733 613 2792 nubre
642 2731 792 2805 diountur‚
826 2747 890 2791 oum
921 2745 1032 2790 summo
1064 2725 1166 2790 studio
1201 2724 1292 2810 populi

249 2837 438 2908 exercentur,
466 2831 528 2897 Cio.
548 2836 608 2896 Aa.
628 2832 678 2898 lv.
702 2833 768 2907 16.;
796 2830 1055 2900 marescalum,
1081 2845 1148 2889 oum
1177 2829 1314 2910 omniun}

246 2943 304 2989 ore
320 2930 484 2994 oiroumlati
499 2951 518 2994 a
532 2934 667 3014 plurimis
685 2931 852 2994 ereduntur.
882 2931 978 2993 Aliter
994 2929 1109 2991 loeutus
1127 2936 1176 2990 est
1191 2929 1292 2991 Hirtius

250 3026 291 3089 ad
315 3027 488 3094 Gioeronem
517 3032 556 3094 ad
576 3037 636 3096 Att.
656 3032 721 3097 XV.
742 3034 780 3096 6:
808 3051 849 3090 ao
868 3050 935 3107 epo,
965 3047 1029 3088 anm
1057 3047 1156 3089 annes
1182 3031 1294 3096 nohum,

249 3130 392 3204 tpaaotter
412 3133 521 3210 ottqntd
539 3129 669 3207 [adami
688 3131 710 3194 i.
729 3149 756 3195 e.
779 3147 843 3193 oum
865 3128 974 3193 ardore
994 3129 1052 3190 sint
1071 3129 1202 3193 incensi.
1312 3187 1314 3192 ,

335 3232 408 3293 236.
449 3233 484 3290 Ρ.
505 3233 653 3310 mooun]
682 3239 875 3312 cognomento
902 3233 994 3301 Saura
1027 3230 1115 3291 homo
1140 3229 1250 3292 foedus
1274 3233 1297 3287 et

249 3324 422 3390 lihidinibus
437 3330 569 3407 intumis,
590 3333 641 3412 qui
656 3340 724 3414 post
741 3331 924 3394 oonsulatum
941 3348 969 3391 a.
986 3331 1047 3392 663
1063 3337 1184 3408 gestum
1201 3348 1223 3392 a
1237 3345 1294 3391 oen·

249 3427 367 3490 sonibus
390 3428 443 3494 (ln.
460 3430 587 3495 Lentulo
609 3439 639 3494 et
658 3433 693 3494 L.
714 3432 811 3495 Gellio
828 3439 932 3493 senatu
951 3437 1045 3492 motus
1063 3430 1214 3494 Gioerone
1237 3445 1296 3491 oon-

250 3527 316 3590 sule
337 3546 370 3591 se
390 3539 557 3612 praetorem
578 3533 684 3594 iterum
700 3533 798 3595 ereari
813 3531 899 3607 ieoit,
920 3537 953 3592 nt
971 3531 1003 3593 in
1022 3538 1158 3592 senatum
1178 3530 1296 3600 rediret

250 3626 318 3700 sed,
348 3645 412 3690 oum
441 3633 539 3694 socius
565 3631 713 3697 Catilinae
739 3633 859 3708 luisset,
891 3649 929 3695 ex
956 3638 1075 3693 senatus
1106 3632 1247 3695 consulto
1272 3630 1295 3690 in

249 3741 372 3788 earcere
392 3730 563 3793 interiectus
586 3741 640 3796 est.

335 3827 453 3894 lxvii.
496 3833 568 3894 uto.
610 3838 656 3893 M.
677 3833 758 3912 1111]
786 3832 831 3897 Μ.
852 3831 965 3913 Pupius
989 3831 1062 3894 Piso
1083 3827 1294 3912 Calpurnianus

250 3928 354 3990 oonsul
371 3949 399 3991 a.
417 3933 481 3995 693
498 3948 592 4014 opera
604 3934 754 4016 Pompeii,
776 3934 859 3996 ouius
875 3931 958 3995 bello
976 3929 1186 3995 Mithridation
1203 3932 1294 4011 legstu

249 4027 363 4104 fumat,
385 4029 438 4094 sed
458 4039 540 4096 tanto
561 4034 658 4097 maior
675 4033 835 4110 Gioerone,
857 4039 888 4096 nt
908 4033 936 4095 is
959 4039 1086 4113 epatre
1107 4031 1148 4094 ad
1166 4032 1292 4096 Pisonen

254 4125 460 4211 deduceretur,
485 4133 565 4216 quod
586 4135 618 4198 in
640 4153 676 4199 eo
698 4137 838 4218 antipate
858 4135 939 4201 uitae
959 4131 1121 4198 similitudo
1142 4141 1175 4199 et
1196 4131 1294 4196 nolae
