2640 4780
336 387 531 489 annuns
552 389 642 504 ene.
664 391 717 459 ne.
954 391 1055 464 aaa

36 560 121 636 risset,
146 555 205 622 lroc
233 555 389 638 sensisse,'
417 560 660 647 quoquomodo
681 557 764 626 filius
786 567 965 638 munemel,
988 561 1049 650 'qni

35 678 57 740 in
73 695 149 742 snam
168 674 294 742 tutelam
315 679 451 757 veniret,
475 681 542 746 sive
563 681 627 747 nori
648 689 756 758 natos,
779 681 846 745 sive
869 688 941 745 ante
963 697 1047 746 mor-

34 804 98 872 tuns,
119 791 226 860 Curius
246 793 338 861 heres
359 805 392 861 nt
413 805 516 864 esset:
530 787 532 794 ’
545 799 590 864 ita
611 797 751 864 scribere
772 797 939 885 plerosque
962 805 993 863 et
1014 795 1048 864 id

33 912 115 977 velere
140 921 169 978 et
193 911 335 979 valuisse
363 935 494 1002 semper.
536 913 624 982 llaec
651 926 681 982 et
705 915 803 982 multa
823 915 977 982 eiusmodi
999 914 1047 980 di-

34 1029 196 1096 censilem
221 1031 372 1098 faciebat:
401 1033 484 1119 quod
509 1043 558 1100 est
584 1053 624 1100 ex
649 1033 749 1100 trihus
776 1035 911 1100 cratoris
934 1032 1047 1098 officiis

34 1147 144 1214 alterum.
186 1148 257 1214 198.
279 1147 402 1216 Deinde
420 1171 552 1236 aequum
568 1150 682 1220 honum
701 1160 954 1220 testamentorum
974 1169 1048 1214 sen-

33 1267 119 1331 tentias
143 1267 379 1356 voluntatesque
408 1277 523 1335 tutatus
546 1279 610 1348 est;
644 1279 761 1356 quanta
781 1279 866 1335 esset
887 1271 920 1334 in
940 1266 1047 1334 verbis

34 1387 111 1470 captio
132 1405 197 1450 cnm
218 1387 251 1450 in
275 1389 389 1452 ceteris
410 1386 505 1453 rebus
525 1397 589 1454 tum
610 1389 644 1453 in
660 1389 870 1464 testamentis,
893 1387 921 1452 si
937 1384 1047 1470 negle-

32 1513 149 1584 gerentur
166 1503 360 1584 voluntatem
380 1516 526 1594 quantam
549 1505 611 1572 sibi
631 1508 800 1593 potentiam
818 1503 978 1572 Scaevola
994 1522 1048 1570 as-

32 1632 149 1700 sumeret,
172 1624 200 1688 si
219 1642 313 1689 nemo
333 1624 462 1690 auderet
480 1633 697 1692 testamentum
713 1625 820 1691 lacere
835 1633 963 1712 postca,
985 1623 1049 1688 nisi

33 1737 59 1802 de
80 1739 154 1806 illius
178 1744 344 1807 sententia.
387 1741 467 1808 haec
490 1761 558 1808 cum
583 1744 723 1826 graviter
743 1751 806 1807 tum
830 1741 870 1806 ab
896 1739 1049 1826 exemplis

33 1858 146 1941 copiose,
171 1869 234 1924 tum
263 1863 368 1938 varie,
397 1863 460 1925 tiun
488 1861 583 1926 etiam
610 1858 743 1926 ridicule
772 1869 803 1924 et
823 1857 925 1924 facete
949 1855 1049 1943 expli-

33 1992 88 2040 cans
101 1996 165 2043 eam
180 1977 419 2044 admirationem
437 1979 714 2062 assensionemque
732 1978 910 2052 commovit,
929 1975 1048 2040 dixisse

31 2101 163 2160 utcontra
182 2115 276 2161 nemo
296 2094 463 2160 videretur.
498 2093 558 2160 hoe
581 2103 649 2158 erat
669 2095 804 2159 oratoris
823 2091 957 2158 officium
975 2109 1049 2177 par-

30 2211 112 2278 titione
139 2215 282 2291 tertinnr,
314 2232 431 2298 genere
463 2231 651 2277 maxumum.
699 2209 759 2276 llic
783 2209 838 2275 ille
865 2209 904 2274 de
933 2206 1047 2295 populo

30 2326 112 2407 index,
138 2334 187 2418 qui
217 2333 389 2417 separatim
412 2330 542 2396 alterum
567 2330 737 2396 admiratus
760 2338 858 2405 esset,
885 2326 968 2392 idem
990 2343 1047 2391 au-

30 2443 76 2511 dito
101 2448 193 2515 altero
221 2447 372 2514 iudicium
400 2449 489 2515 suum
518 2457 744 2514 contemneret:
773 2455 900 2513 atvero
922 2443 1048 2511 intelle-

30 2579 88 2642 gens
106 2577 133 2632 et
152 2567 263 2633 dectus
287 2566 419 2632 audiens
441 2564 631 2634 Scaevolam
652 2568 780 2632 sentiret
800 2583 873 2632 esse
890 2563 1049 2650 quoddam

29 2677 129 2749 uberius
144 2683 269 2752 dicendi
285 2703 386 2768 genus
402 2693 433 2750 et
446 2687 595 2751 ornatius.
624 2683 664 2748 ab
680 2693 810 2769 utroque
828 2692 931 2748 autem
948 2699 1048 2747 causa

28 2812 148 2880 perorata
173 2805 201 2868 si
224 2811 430 2888 quaereretur
456 2811 525 2867 nter
544 2809 720 2888 praestaret
741 2810 862 2875 orator,
886 2816 1048 2882 nunquam
1131 2819 1142 2847 ι

28 2918 141 2997 prolecto
162 2921 315 3008 sapientis
336 2919 484 2986 indicium
507 2938 528 2984 a
548 2918 666 2986 iudicio
684 2917 771 3002 volgi
791 2917 994 3002 discreparet

75 3085 116 3127 197.
140 3085 182 3128 loc
193 3087 235 3130 illc
249 3085 328 3139 duilio]
343 3085 386 3126 lnce
398 3087 421 3126 ln
435 3085 473 3126 illo
487 3087 559 3126 initio.
572 3107 599 3115 -
617 3084 712 3137 reniret]
728 3083 839 3124 venisset.

28 3199 191 3276 oleamque]
211 3223 268 3278 quc
286 3221 343 3284 omq
356 3203 407 3276 Lg.
422 3204 464 3260 20.
477 3231 513 3248 μ-
532 3203 588 3260 doc
605 3203 656 3260 ille
673 3205 772 3272 initio]
790 3203 861 3256 hanc
878 3215 966 3254 meum
984 3197 1049 3250 olim

27 3289 185 3346 coniecturam
208 3290 319 3344 firmant
342 3290 384 3343 ed.
403 3307 444 3359 pr.
468 3299 495 3344 et
517 3291 587 3344 liber
611 3287 822 3345 Ottoboniunus.
859 3284 915 3339 hoc
939 3287 970 3339 ire
997 3281 1049 3337 illo
1137 3303 1147 3314 ·

26 3371 109 3438 lollio,
127 3394 196 3444 quae
214 3377 294 3431 codd.
313 3385 374 3430 cett.
397 3383 425 3428 et
439 3377 552 3447 vulgata
571 3377 719 3445 scripture,
736 3374 802 3426 ferri
819 3387 875 3426 nou
893 3375 999 3441 potest3
1019 3370 1050 3420 in

26 3451 166 3514 deleverunt
188 3461 254 3515 Ern.
278 3469 306 3514 et
330 3459 416 3515 Orell.
434 3489 469 3499 -
500 3461 685 3536 consecutus]
709 3460 872 3512 consecutis
898 3455 947 3507 Gn.
968 3455 991 3508 1.
1016 3480 1051 3490 -

25 3547 129 3612 veniret]
152 3551 280 3600 venisset
304 3546 347 3600 ed.
366 3543 435 3600 Ven.
458 3546 599 3615 probatum
617 3544 735 3596 Ernesto
760 3545 820 3593 sine
839 3555 935 3590 causa:
960 3538 999 3589 sic
1023 3541 1051 3588 et

25 3635 83 3680 non.
115 3620 170 3682 pai
187 3631 371 3699 discrepantia
388 3638 429 3682 est
451 3631 479 3681 in
498 3631 595 3681 eadem
612 3623 731 3695 quidem¹
746 3631 772 3676 et
797 3622 936 3676 simillimis
956 3619 1051 3676 verbis

25 3714 143 3766 sententia
160 3715 194 3768 de
213 3712 262 3767 Or.
284 3713 304 3767 l.
323 3714 371 3778 39,
392 3713 448 3768 loo.
466 3740 501 3755 κ-
528 3731 565 3765 cc
584 3709 689 3777 tribus]
707 3727 744 3762 ear
762 3728 814 3763 orn.
834 3707 884 3779 ug.
905 3707 929 3760 8.
948 3707 990 3760 39.
1008 3705 1063 3788 51.

24 3787 121 3850 ileon.
139 3817 162 3854 e.
180 3799 239 3864 58„
258 3800 322 3852 item
340 3797 410 3852 Ven.
428 3799 451 3852 l.
468 3825 504 3841 »-
529 3796 673 3862 oratoris]
693 3799 836 3849 oratoriis
854 3793 904 3864 Lg.
922 3793 964 3846 20.

82 3879 136 3936 198.
170 3883 401 3954 nepleperemtetr]
426 3883 466 3936 sic
491 3881 541 3953 ng.
560 3882 585 3934 8.
603 3879 645 3935 20.
670 3881 712 3936 51.
730 3881 772 3934 58.
795 3881 838 3934 68.
874 3877 1054 3948 nepliqenter

26 3955 65 4012 Go.
79 3965 145 4018 l.'·-
162 3972 310 4039 praelier,
329 3967 401 4034 tum]
421 3985 464 4038 pr.
476 3984 548 4020 com
565 3965 615 4037 Lg.
628 3967 773 4036 praeterii.
785 3994 820 4004 -
836 3962 947 4031 facete]
961 3959 1054 4026 facile

26 4039 67 4099 GU·
83 4050 103 4104 l.
122 4052 164 4106 ed.
181 4071 221 4122 pr.
239 4083 274 4092 -
299 4054 491 4120 maxumum]
512 4053 553 4106 sic
571 4050 622 4122 Lg.
641 4052 666 4104 8.
686 4050 726 4104 51.
748 4047 789 4102 53.
810 4047 852 4101 58.
871 4045 912 4098 68.
938 4041 1001 4094 Vat.
1022 4073 1053 4086 -

27 4138 439 4206 contmmrrerelJ'conlemnetur
453 4137 495 4191 ed.
508 4154 548 4208 pr.
560 4165 595 4176 -—
613 4135 792 4206 intellepens]
804 4133 846 4187 sic
859 4131 908 4203 leg.
919 4129 946 4186 8.
958 4128 1001 4186 39.
1011 4128 1054 4189 51.

26 4207 76 4268 oo.
87 4243 120 4263 ›-
143 4222 232 4294 oolpl]
243 4224 290 4278 sic
305 4221 357 4294 lig.
373 4223 399 4278 8.
416 4223 459 4278 35.
477 4221 519 4279 39.
538 4220 582 4274 51.
599 4221 641 4277 53.
658 4221 701 4276 58.
718 4217 759 4275 68.
779 4217 820 4278 70.
