2646 4772
221 328 310 400 m
616 316 876 392 CICERONIS

223 495 304 564 alter
331 494 482 562 remissus
514 501 544 560 et
565 492 647 560 lenis
670 503 700 560 et
720 493 855 582 propriis
877 489 982 558 verbis
1004 489 1267 578 comprehendens

222 613 324 681 solute
360 619 390 679 et
417 610 514 678 facile
545 615 748 691 sententiam
778 609 858 676 alter
887 619 1014 676 ornatus
1043 627 1119 676 acer
1147 619 1178 675 et
1210 631 1267 678 non

221 730 314 810 talis,
343 729 468 818 qualem
487 740 520 796 tu
542 749 628 808 eum,
648 727 759 808 Brute,
788 730 851 794 ianr
875 725 1131 794 deflorescentem
1154 748 1273 813 cogno-

222 850 312 928 visti,
335 847 393 915 sed
416 847 582 916 verborum
604 857 634 914 et
653 847 786 914 aetionis
805 863 923 932 genere
943 847 1134 913 commotior.
1162 845 1266 936 ltaque

223 987 293 1036 curn
308 964 477 1034 Hortensio
500 965 576 1034 mibi
607 968 710 1052 magis
733 963 912 1032 arbitrabar
931 985 998 1030 rem
1018 983 1108 1043 esse,
1136 965 1221 1050 quod
1241 975 1267 1030 et

223 1084 349 1154 dicendi
379 1085 493 1154 ardore
521 1105 607 1152 eram
636 1086 763 1172 propior
795 1093 826 1150 ct
852 1093 954 1150 aetate
985 1085 1190 1151 coniunctior.
1235 1081 1269 1148 Et

138 1271 151 1296 ‚
223 1205 306 1270 enim
326 1203 468 1270 videram
488 1205 522 1269 in
545 1203 665 1270 eisdem
685 1205 809 1281 causis,
837 1212 869 1268 ut
889 1221 945 1290 pro
968 1199 1012 1265 M.
1039 1197 1194 1269 Canuleio
1216 1223 1268 1290 pro

224 1319 280 1388 Gn.
305 1318 477 1388 Dolabella
509 1304 684 1400 consulari,
718 1341 786 1388 cnm
815 1317 906 1387 Cotta
935 1322 1079 1408 princeps
1114 1319 1267 1386 adhibitus

224 1449 325 1515 esset,
357 1443 480 1527 priores
509 1450 614 1506 tamen
646 1459 743 1526 agere
775 1440 873 1526 partis
903 1437 1110 1506 Hortensium.
1167 1459 1266 1506 acron

129 1619 131 1622 ,
224 1557 307 1623 euim
324 1567 481 1624 oratorem
501 1560 661 1625 incensum
678 1568 709 1628 et
727 1568 870 1643 agentem
886 1566 917 1622 et
932 1547 1079 1624 canorum
1096 1577 1266 1624 concursus

222 1673 381 1742 bominum
408 1675 531 1763 forique
559 1679 704 1764 strepitus
733 1675 901 1742 desiderat.
950 1674 1024 1742 318.
1050 1673 1151 1741 Unum
1179 1679 1268 1761 igitur

223 1811 353 1876 annum,
376 1814 445 1862 cum
465 1795 670 1862 rediissemus
695 1794 847 1872 eurisis,
870 1812 985 1859 causas
1004 1791 1123 1859 nobilis
1140 1799 1267 1878 egimus,

224 1931 293 1978 cum
315 1922 514 1999 quaesturam
535 1931 595 1979 nos
616 1911 812 1980 consulatum
831 1909 923 1978 Cotta
939 1910 1131 1977 aedilitatem
1153 1923 1269 1999 peteret

221 2026 417 2097 Hortensius.
466 2028 593 2098 Interim
625 2049 674 2096 me
709 2039 907 2117 quaestorem
936 2027 1117 2096 Siciliensis
1150 2033 1269 2118 excepit

142 2133 175 2196 ⁹·
223 2165 338 2226 annus,
361 2147 453 2214 Cotta
474 2168 511 2214 ex
531 2147 695 2216 consulatu
716 2157 764 2214 est
785 2147 941 2235 proiectus
960 2150 993 2212 in
1010 2145 1165 2229 Galliam3
1186 2153 1268 2236 prin-

222 2283 298 2352 ceps
327 2275 357 2332 et
386 2276 454 2332 erat
476 2277 507 2332 et
526 2265 704 2332 habebatur
723 2263 917 2332 Hortensi-us.
962 2263 1038 2332 Cum
1061 2276 1165 2335 antem
1189 2288 1268 2335 anno

221 2392 293 2468 post
321 2402 360 2450 ex
392 2381 576 2452 Siciliane
606 2385 813 2472 recepissem,
847 2386 911 2450 iam
939 2383 1104 2452 videbatur
1131 2385 1213 2454 illud
1238 2391 1268 2454 in

222 2517 288 2578 me,
310 2501 456 2588 quicquid
478 2512 576 2582 esset,
599 2521 672 2569 esse
691 2502 860 2590 perfectum
883 2511 913 2568 et
927 2501 1046 2568 babere
1061 2507 1267 2572 maturitatem

222 2616 379 2702 quandam
405 2639 504 2686 suam.
547 2617 647 2686 Nimis
675 2621 773 2688 multa
794 2620 906 2688 uideor
933 2621 972 2686 do
994 2641 1059 2700 me,
1084 2623 1155 2710 ipse
1179 2645 1268 2712 prae-

222 2736 343 2802 sertim:
376 2737 434 2805 sed
462 2739 546 2808 omni
573 2737 646 2820 huic
671 2741 808 2805 sermoni
833 2741 1023 2826 propositum
1055 2750 1119 2816 est,
1147 2761 1213 2808 non
1239 2753 1268 2808 ut

221 2854 380 2940 ingenium
412 2867 443 2926 ct
474 2856 683 2944 eloquentiam
716 2877 817 2924 meam
844 2857 1031 2944 perspicias,
1063 2859 1148 2926 unde
1175 2861 1266 2946 longe

283 3055 329 3100 sn.
357 3069 383 3100 ex
396 3057 490 3113 stetero]
505 3059 616 3102 esserra.

289 3225 373 3282 xctt.
409 3227 467 3282 317.
502 3229 647 3296 etenim]
672 3226 722 3302 ng.
746 3227 790 3283 39.
814 3227 856 3284 56.
880 3227 922 3283 58.
956 3227 1026 3284 Ven.
1047 3228 1070 3283 l.
1105 3229 1150 3284 ed.
1174 3247 1214 3301 pr.
1234 3217 1266 3270 ’-

223 3307 377 3380 Guooleto]
405 3310 564 3386 Canuleqs‘o
588 3313 640 3367 Gn.
659 3313 682 3369 1.
709 3323 788 3368 sueto
810 3313 888 3370 vitio.
907 3341 942 3358 κ-
966 3314 1084 3387 partis]
1105 3315 1149 3369 sic
1171 3315 1222 3388 Lg.
1240 3316 1264 3370 8.

220 3394 563 3454 massabatene.
592 3397 661 3453 Ven.
678 3397 700 3453 l.

288 3513 349 3570 318.
383 3516 589 3584 rediissemus]
602 3515 783 3571 redissemus
798 3514 849 3588 Lg.
864 3515 906 3570 90.
924 3515 967 3570 ed.
980 3532 1021 3586 pr.
1035 3543 1071 3560 —-
1089 3516 1213 3587 notetis]
1231 3519 1267 3572 sic

218 3597 271 3668 bg.
288 3597 313 3653 8.
330 3599 373 3655 35.
391 3601 434 3656 39.
452 3601 493 3657 51.
512 3601 553 3657 53.
572 3600 615 3654 56.
633 3601 675 3656 58.
694 3599 736 3656 68.
754 3599 797 3654 70.
826 3597 884 3656 Ota
901 3597 936 3640 ὲ
963 3617 1002 3656 em
1019 3597 1143 3672 dictae]
1161 3605 1201 3658 sic
1216 3602 1265 3674 Lg.

220 3697 290 3752 quos
306 3684 389 3737 modo
407 3685 523 3739 diximus
540 3693 569 3739 et
586 3685 629 3740 ed.
648 3702 703 3757 pr.;
728 3685 862 3758 Meyerue
879 3703 904 3743 e.
922 3715 956 3726 -
983 3687 1139 3758 quiequid]
1156 3690 1197 3754 sie
1216 3687 1265 3759 bg.

219 3781 328 3832 omnes,
347 3764 418 3826 Van.
430 3768 453 3822 l.
474 3767 531 3828 Ott.
551 3770 615 3827 Vat.

219 3952 253 4008 53
279 3866 543 4012 5381968ρξπᾶναφηῑε]
566 3873 606 3927 sic
623 3869 673 3942 bg.
690 3870 716 3928 8.
734 3871 776 3928 51.
801 3867 861 3927 oo.
884 3888 949 3928 mox
967 3889 1110 3929 mamma
1133 3874 1162 3930 bi
1181 3884 1207 3930 et
1224 3875 1262 3929 35.

221 4085 224 4092 ·
287 4070 385 4129 thlll.
424 4075 604 4144 oratoriam]
630 4082 785 4132 oratorum
810 4073 906 4130 bamb.
932 4075 1080 4130 secundnm
1106 4079 1263 4144 corradum,

216 4154 301 4224 seb„
319 4171 374 4214 nou
392 4157 570 4216 dissentiente
586 4159 714 4230 Meyero.
751 4160 814 4218 lure
831 4161 970 4236 improbat
985 4159 1164 4235 Bernhardy,
1181 4195 1214 4204 -
