2676 4774
214 397 365 470 BREVlS
387 395 685 480 ELOQUENTIAE
708 395 810 466 boot.
832 395 941 468 iiiS'l'.
1036 401 1101 477 80

141 573 287 652 Quaestor
311 571 345 636 0.
368 569 466 636 Gurlm
489 590 517 634 a.
540 573 606 636 618
629 571 762 636 tribunus
783 570 880 652 plebis
901 572 957 636 luit
978 591 1006 634 a
1029 573 1103 649 623,

65 677 91 736 io
120 692 174 754 quo
206 673 381 752 magistratu
412 672 510 752 legem
541 670 729 734 tabellarium
760 673 877 734 tertiam
904 673 1039 754 pertulit,
1071 681 1104 736 ut

65 776 138 854 leges
159 773 275 838 tabellis
292 774 462 837 iuberentur
479 781 508 835 et
521 773 744 854 antiquarentur
756 767 824 853 (⁴³);
846 772 1002 836 seditiosus
1016 773 1102 838 Gioe-

66 876 123 938 roni
149 874 255 950 dicbus,
283 873 361 955 quod
384 873 430 936 Ti.
455 874 581 938 Gracchi
602 873 744 940 memoria
765 891 829 936 cum
850 875 939 952 graui
959 873 1102 936 nobilium

64 977 243 1058 insectatione
271 975 427 1056 deplorata
453 972 648 1037 tumultuandi
675 974 797 1060 cupidos
819 975 854 1064 iu.
870 993 932 1038 rem
952 973 1102 1056 publicam

65 1077 201 1140 concitare
226 1074 376 1140 rideretur
393 1071 456 1154 (⁴⁴).
500 1075 634 1138 Alteram
658 1075 769 1154 legem,
795 1081 828 1136 ut
848 1075 960 1156 populo
983 1074 1102 1137 eosdem

64 1179 183 1240 tribunos
207 1178 321 1258 quoties
337 1177 428 1241 redet
442 1176 565 1239 reicere
580 1175 700 1251 liceret,
723 1174 958 1238 dissuadentibus
973 1175 1007 1238 P.
1018 1161 1109 1238 utra

64 1295 127 1340 cano
159 1286 187 1342 et
216 1275 249 1340 0.
274 1277 381 1341 Laelio
413 1296 473 1340 non
497 1277 632 1360 pertulit;
666 1295 817 1358 quaeres
844 1277 970 1340 maxime
996 1273 1101 1338 edecta

62 1379 165 1442 uidetur
191 1379 277 1458 uulgi
303 1379 518 1442 existimatione
546 1377 582 1441 de
611 1377 757 1443 Carbonis
787 1379 866 1442 mala
890 1377 947 1440 fide
975 1385 1003 1440 et
1029 1385 1101 1440 nota

62 1474 257 1560 nequitia(⁴⁵).
296 1479 368 1544 Post
387 1488 558 1561 praeturam
579 1497 643 1544 cum
664 1480 704 1542 ad
725 1481 890 1543 commaritus
912 1487 1012 1561 partes
1034 1495 1101 1541 sese

60 1581 137 1644 tacite
164 1582 360 1665 applicasset,
387 1579 570 1644 consulatum
592 1581 691 1660 'gessit
717 1599 744 1644 a.
773 1583 837 1645 034
863 1599 986 1662 magna,
1018 1587 1100 1661 puto,

59 1683 190 1745 uobihnm
218 1679 431 1746 sollicitudine:
465 1683 632 1744 eratenim
659 1701 753 1744 annus
778 1690 847 1764 post
874 1679 908 1746 0.
937 1682 1101 1745 Gracchum

59 1785 184 1847 occisum.
230 1783 287 1847 llle
308 1791 405 1848 autem
426 1802 545 1846 causam
567 1785 748 1865 optimatium
770 1784 925 1845 ambitiose
946 1780 1100 1862 amplexus

58 1885 84 1946 iu
103 1905 213 1948 summa
234 1883 345 1948 inuidia
366 1883 496 1947 defendit
510 1885 546 1948 L.
561 1885 706 1966 Opimium
723 1885 908 1948 consularem
926 1881 959 1946 0.
973 1881 1100 1946 Gracchi

58 1986 267 2050 interfectorem
288 1993 317 2048 et
337 1987 475 2067 peruicit,
499 1996 529 2050 ut
546 1988 750 2051 absolveretur
762 1982 824 2064 (⁴⁶).
860 1967 920 2048 Sed
934 2002 972 2045 ne
988 1982 1100 2044 reditus

58 2087 164 2166 quidem
187 2087 356 2161 odhones,
379 2105 464 2167 quem
488 2089 593 2152 Cicero
616 2088 687 2150 dicit
703 2084 771 2164 (⁴¹),
798 2085 909 2148 homini
929 2081 1098 2144 turbulento

57 2187 169 2252 salutem
193 2187 302 2250 uilerre
323 2187 427 2270 potuit.
459 2189 562 2271 Neque
580 2190 655 2252 enim
676 2187 776 2266 legum
798 2194 827 2248 et
843 2184 1008 2247 contionum
1030 2179 1099 2243 sira-

56 2307 111 2352 rum
136 2307 235 2372 neque
255 2288 289 2351 P.
311 2288 446 2352 Africani
472 2292 552 2352 necis
580 2277 749 2354 memoriam
776 2289 965 2376 exstinguere
990 2285 1099 2368 potuit:

56 2390 98 2451 uir
124 2392 203 2454 enim
231 2391 407 2468 magistratu
429 2392 559 2466 abierat,
588 2409 652 2453 cunr
681 2391 755 2454 aL.
780 2391 972 2455 Crassorum
995 2387 1099 2450 adule-

56 2499 145 2554 scente
172 2493 205 2555 in
231 2490 371 2554 iudicium
392 2493 497 2574 capitis
517 2491 654 2568 uocatus,
683 2510 747 2554 cum
769 2491 969 2564 damnaretur,
992 2487 1097 2552 uolun-

54 2593 151 2654 tariam
176 2600 298 2654 mortem
319 2591 466 2674 sumpsit(
492 2595 515 2674 ).

133 2694 236 2758 Garbo
264 2711 329 2756 curn
354 2695 467 2773 ingenii
493 2695 626 2758 bonitate
653 2700 833 2776 praestaret,
862 2693 919 2754 etsi
945 2691 1098 2754 literarum

55 2795 163 2857 minime
192 2813 303 2873 gnarus
324 2795 417 2858 luisse
437 2796 583 2876 putandus
606 2801 664 2868 est,
693 2796 744 2875 qui
765 2813 802 2856 ne
821 2793 907 2872 leges
929 2793 1047 2872 quidem
1068 2799 1098 2854 et

55 2897 192 2958 maiorum
223 2896 357 2958 instituta
391 2897 463 2957 satis
489 2903 601 2956 teneret
618 2891 688 2972 (⁴⁹),
720 2902 818 2956 tamen
843 2894 943 2954 audito
972 2892 1098 2953 manime

53 2994 88 3057 Μ.
104 2995 239 3060 Porcina
260 2995 352 3056 murita
374 2996 584 3056 exercitatione
605 2993 735 3054 firmatus
757 3001 880 3073 propter
900 2992 1097 3054 uehementem

54 3104 76 3157 et
94 3113 241 3162 canoram
263 3095 425 3156 orationem
448 3102 477 3155 et
492 3092 694 3154 admirabilem
711 3095 873 3155 animorum
890 3093 1097 3155 movendorum

54 3206 139 3259 artem
163 3211 289 3274 maguus
312 3203 414 3257 orator
434 3195 552 3258 habitus
574 3189 693 3273 eset-⁹⁹⁰).
729 3193 790 3258 Sed
811 3194 896 3255 nnius
918 3193 1097 3256 defensionis

116 3377 165 3444 43)
192 3376 248 3432 Cir.
267 3374 352 3448 [regg.
370 3375 416 3432 lli.
437 3375 485 3442 10,
507 3375 549 3430 35.
635 3377 681 3443 44)
708 3375 764 3430 cte.
786 3375 822 3430 de
839 3369 888 3430 Or.
909 3372 943 3428 ll.
964 3373 1014 3439 40,
1038 3373 1096 3432 170.

54 3463 94 3528 lh)
120 3460 287 3516 Plutarchus
308 3469 458 3532 praecepti.
477 3461 564 3534 politt.
587 3481 614 3532 p.
635 3461 692 3516 144.
712 3461 756 3515 ed.
774 3459 849 3514 Hutt.
876 3459 938 3514 Liv.
959 3476 1002 3528 ep.
1022 3457 1096 3512 htx.

53 3545 253 3601 cuchanea
341 3545 386 3616 46)
405 3545 466 3600 Liv.
481 3563 523 3616 ep.
538 3546 613 3601 bxi.
640 3545 745 3600 Cicde
760 3542 809 3599 Or.
824 3543 857 3598 ll.
872 3537 916 3608 15,
933 3541 989 3596 100.
1016 3541 1095 3599 Brut.

53 3630 96 3696 34,
116 3632 174 3686 lae.
262 3625 311 3698 47)
326 3625 384 3685 Cic.¹
399 3629 484 3701 Legg.
498 3629 543 3685 lll.
562 3623 609 3698 10,
624 3630 666 3686 35.
751 3624 799 3696 Ι40)
817 3628 944 3682 Valerius
957 3625 1097 3682 Maximus

54 3713 94 3769 111.
106 3717 133 3783 7,
146 3716 171 3772 0.
188 3719 216 3770 in
227 3717 350 3771 exsilium
364 3716 454 3770 abisse
467 3725 573 3784 narrat,
588 3715 638 3770 sed
649 3733 704 3770 non
718 3715 866 3786 persuadet
875 3720 989 3787 propter
1002 3713 1096 3767 melio·

55 3817 107 3854 urm
121 3803 232 3856 testium
245 3803 408 3856 dissensum:
428 3819 455 3856 v.
470 3799 673 3869 clamarunt,
689 3802 745 3856 103.
770 3801 881 3857 Divers.
894 3799 941 3856 lx.
954 3799 997 3856 71.
1025 3797 1096 3852 llinc

54 3885 86 3938 de
104 3895 193 3942 morte
214 3896 338 3953 constat,
361 3887 396 3941 de
419 3888 513 3940 mortis
535 3900 652 3958 genere,
678 3889 750 3958 quod
768 3887 909 3958 inopinato
930 3894 959 3939 et
981 3889 1096 3954 repente

54 3971 164 4039 accidit,
180 3971 305 4028 muninus
320 3972 458 4030 dubitasse
472 3971 609 4026 credibile.
637 3971 786 4030 Quaesitor
802 3973 830 4024 iu
846 3989 880 4024 ea
894 3987 979 4024 causa
995 3968 1031 4026 0.
1045 3967 1096 4020 Fa·

55 4053 110 4110 bins
128 4056 267 4112 Maximus
284 4057 411 4113 Eburnns
435 4057 518 4112 luisse
534 4057 658 4112 videtur:
683 4075 712 4112 v.
730 4057 786 4111 (lic.
808 4056 843 4110 de
861 4052 910 4110 0r.
928 4053 949 4107 l.
966 4052 1017 4118 16,
1038 4050 1095 4106 lul.

54 4140 97 4208 49)
115 4141 173 4198 cie.
191 4143 227 4198 de
241 4141 292 4198 Or.
311 4142 332 4201 l.
353 4143 401 4208 10,
418 4142 462 4200 40.
548 4141 670 4209 abacta
686 4141 765 4198 Brut.
779 4141 824 4208 75,
840 4140 883 4196 00.
909 4138 953 4206 27,
969 4135 1020 4193 103
1035 4152 1094 4208 sqq.

57 4225 89 4280 de
107 4223 158 4283 Or.
177 4227 196 4286 1.
221 4227 268 4298 10,
288 4228 330 4285 uo.
367 4227 441 4284 luter
460 4229 594 4300 antiquus
614 4235 771 4283 recensetur
795 4227 823 4282 iu
844 4225 956 4298 dialogo
981 4223 1017 4286 de
1035 4237 1096 4286 ora·
