2678 4776
225 385 322 466 1100
548 381 956 456 exstructiones

308 563 476 625 (19999999
491 559 665 640 9199199999]
686 559 760 623 iuris
775 557 961 643 prudentiam
977 556 1188 624 hereditarium
1203 559 1271 626 llu-

224 669 289 731 oiae
311 665 407 746 gentis
424 663 542 726 bonum.

309 771 343 827 Ρ.
366 763 543 840 Scaeuolam]
566 761 593 823 is
615 775 675 824 cos.
698 779 726 822 a.
743 761 804 824 691
824 761 920 824 111Τί.
939 762 1074 825 9999919
1094 761 1270 836 mitissimus,

189 851 191 856 ’
223 869 358 953 pontifex
388 865 530 928 maximus
556 863 588 924 iu
616 861 714 925 locum
740 861 875 927 Muciani
901 861 1005 925 tratris
1033 871 1168 940 oreatus;
1199 863 1271 925 iuris

223 970 364 1036 lundator
392 966 469 1029 idem
496 981 561 1027 cunr
587 964 680 1026 Bruto
711 971 747 1026 et·
760 963 888 1028 Manilio
916 963 1023 1027 dicitnr
1042 963 1209 1048 Pomponio
1236 963 1271 1026 de

225 1075 276 1138 0r.
299 1071 359 1134 lur.
388 1085 413 1132 c.
433 1071 468 1144 3,
490 1069 540 1130 99.
582 1065 690 1130 Filium
717 1060 822 1128 holuit
851 1064 888 1142 Q.
910 1065 1085 1158 Scaeuolam
1116 1083 1179 1129 cos.
1209 1083 1271 1128 cum
1323 1094 1328 1180 Ι

223 1173 259 1239 la.
282 1171 392 1238 Grasso
414 1175 535 1233 oratore
558 1185 586 1229 a.
608 1167 672 1230 659
686 1167 813 1248 itemque
833 1165 1000 1248 pontificem
1019 1167 1190 1230 maximum.
1323 1193 1328 1229 r

307 1275 359 1338 99.
404 1273 434 1330 0.
457 1273 563 1330 Fauonii
581 1301 625 1313 -·-
646 1269 678 1327 G.
699 1267 786 1346 filiae]
808 1268 894 1355 huius
915 1275 1003 1350 pater
1024 1267 1057 1332 G.
1079 1269 1191 1332 Strabo
1212 1283 1270 1330 coa.
1324 1258 1327 1271 '

224 1391 289 1440 oum
315 1375 361 1438 Μ.
378 1371 500 1438 Valerio
521 1369 669 1433 Messalla
698 1387 725 1431 a.
749 1369 812 1433 999
840 1367 918 1448 legis
947 1370 1147 1451 sumptuariae
1170 1375 1271 1432 nudor

225 1475 383 1540 secuudum
396 1473 523 1537 Plinium
538 1472 577 1534 X.
589 1473 640 1534 oo.
673 1465 706 1534 0.
717 1465 846 1533 Fannius
863 1469 895 1534 0.
909 1470 944 1534 p,
962 1470 1065 1534 consul
1081 1471 1139 1534 luit
1156 1489 1184 1532 a
1195 1471 1270 1544 6³23

226 1595 285 1660 puo
314 1575 381 1657 ipso
406 1590 484 1636 anno
512 1589 576 1634 cnm
595 1569 635 1650 tl.
659 1569 808 1635 Gracchus
834 1571 903 1652 lege
931 1589 988 1634 sna
1010 1571 1188 1636 decivitate
1208 1587 1269 1633 oum

224 1678 314 1742 sociis
337 1672 575 1739 communicanda
595 1673 694 1736 omniu
713 1673 862 1748 maceret,
884 1667 1013 1735 Fannius
1030 1673 1136 1736 consul
1154 1671 1204 1734 illi
1218 1669 1270 1733 ad·
1323 1706 1328 1717 ·

223 1787 358 1846 seramus
380 1776 543 1840 orationem
565 1773 602 1836 do
622 1775 712 1838 accis
737 1780 767 1838 ct
786 1775 903 1838 nominc
922 1774 1030 1838 Latino
1047 1774 1167 1850 lubuit,
1195 1789 1270 1855 puae
1324 1792 1328 1803 ·

224 1881 322 1944 statim
343 1883 600 1942 commemoratur:
622 1877 686 1938 eiua
707 1875 801 1940 rerba
815 1874 961 1957 quaedam
975 1875 1095 1939 retinuit
1114 1875 1219 1940 (iiocro
1235 1873 1269 1936 de
1324 1902 1328 1911 ·

224 1983 277 2049 tir.
297 1979 348 2044 111.
369 1981 425 2054 dl,
449 1978 519 2042 183.

309 2101 329 2144 9
360 2082 391 2140 0.
421 2078 529 2156 Persio]
558 2076 678 2139 literato
710 2077 827 2142 homine
859 2083 888 2139 et
918 2077 1015 2159 perito
1047 2093 1149 2140 aarum
1174 2092 1269 2140 rernm

225 2183 442 2256 existimatore,
475 2196 560 2260 quem
585 2178 634 2263 uel
656 2179 789 2242 Lucilius
813 2185 903 2260 poeta
925 2179 1002 2241 alias
1025 2178 1133 2258 lingna
1159 2193 1269 2260 procax

224 2287 350 2352 indicem
370 2280 541 2348 verebatur:
564 2279 625 2344 019.
648 2279 685 2342 19
707 2281 758 2344 01.
779 2279 817 2343 ll.
840 2282 875 2356 6,
897 2279 949 2346 25.
980 2279 1045 2344 Fiu.
1067 2280 1090 2343 1.
1113 2282 1151 2358 3,
1173 2283 1203 2343 7.

311 2387 381 2449 100.
424 2381 554 2460 confusa]
576 2381 621 2443 ita
640 2379 734 2457 insa,
746 2389 778 2444 ut
798 2381 829 2444 in
847 2399 936 2444 annm
950 2398 1057 2464 corpus
1077 2382 1183 2446 umiae
1200 2380 1270 2444 illae
1323 2383 1330 2409 ”

223 2493 347 2569 partes,
382 2501 419 2545 ex
452 2483 558 2562 quibus
591 2483 754 2564 composita
785 2489 881 2560 essct,
913 2482 1133 2546 coalescerent:
1166 2481 1269 2546 dictum

223 2585 347 2670 proprie
368 2583 405 2646 de
426 2582 505 2644 acris
521 2583 661 2659 materia,
689 2601 766 2664 quae
786 2601 846 2646 uon
866 2601 926 2646 nna
945 2591 1007 2661 est,
1030 2583 1139 2648 sodex
1160 2583 1268 2646 duabus

225 2687 380 2766 colligata.
421 2683 468 2748 Ita
494 2701 637 2744 semuoocs
668 2685 837 2759 respuam
862 2689 893 2746 ia
913 2705 1001 2746 auom
1022 2686 1042 2748 i.
1060 2703 1088 2748 9.
1110 2686 1268 2750 coranus

224 2797 254 2853 et
270 2787 416 2868 colligere
439 2784 525 2849 Liuio
547 2783 654 2847 dictum
674 2785 739 2850 vll.
762 2789 812 2848 tn.

307 2889 381 2948 idern
396 2886 490 2964 otides]
507 2885 643 2962 Ernesto,
660 2887 708 2949 cui
724 2885 808 2949 stilus
824 2903 880 2968 pro
895 2905 995 2964 penate
1010 2890 1151 2948 99999919
1166 2886 1268 2951 dictum

222 2988 389 3063 uideretur,
412 3005 472 3068 qua
491 2988 523 3051 ui
541 2994 673 3051 nosuum
690 2989 748 3050 stit
762 2986 927 3069 praeditum
943 2994 1001 3064 ast,
1024 2987 1166 3068 placebat
1182 2988 1268 3052 soriti

222 3089 321 3168 ptum,
346 3105 418 3151 sane
437 3089 575 3152 usitatum
595 3087 672 3150 illud
692 3089 830 3153 Ciceroni
851 3087 889 3152 do
909 3087 1006 3152 forma
1024 3090 1180 3152 orationis.
1213 3087 1268 3155 Sed

223 3192 308 3252 salos
338 3197 383 3252 eat
410 3193 544 3261 Mundo,
574 3188 672 3252 torma
699 3189 843 3272 praedm
870 3187 1028 3272 elouprcudi
1054 3198 1136 3254 certo
1163 3191 1269 3256 loomini

223 3298 275 3354 aut
296 3291 388 3353 aetati
411 3289 549 3372 propria,
575 3299 608 3352 ut
627 3291 724 3352 991199
744 3293 873 3353 Amicum
892 3291 943 3356 vel
963 3291 1178 3352 viceroctouom
1200 3291 1269 3356 ‹lici-
1330 3355 1331 3396 p

222 3409 296 3454 mus.
347 3389 426 3463 idem
456 3389 540 3449 stilos
570 3399 613 3452 est
643 3396 781 3454 orodonas
812 3391 960 3481 significat
991 3409 1057 3456 eum
1086 3407 1155 3456 csse
1182 3395 1267 3458 totins

223 3492 367 3556 orationis
393 3489 541 3568 lualritnm,
566 3499 600 3556 ut
624 3511 681 3554 ooo
705 3498 789 3574 ponci
812 3495 922 3556 99091.
952 3512 981 3557 e.·
1008 3491 1047 3557 ab
1074 3509 1135 3558 nno
1155 3497 1267 3560 homine
1328 3461 1331 3586 1

223 3593 335 3676 scripta
351 3589 496 3656 uideatur.

307 3693 490 3770 Maeoticae]
508 3691 659 3770 Maratha
676 3692 839 3760 Phoenices
854 3695 931 3758 urloe
944 3693 1069 3759 oriundo
1078 3715 1108 3761 r.
1118 3697 1267 3762 Mannerti

225 3791 334 3874 [leoga
357 3791 433 3857 0rn.=
449 3795 547 3876 Antip.
565 3795 625 3859 rol.
647 3796 696 3863 vl.
717 3817 748 3882 p·
768 3795 791 3862 l.
813 3813 844 3879 p.
861 3799 946 3861 aot*
977 3795 1099 3862 Notavit
1118 3797 1266 3881 Meyerus.

309 3895 380 3958 101.
425 3895 455 3954 0.
471 3899 599 3957 Fannius
614 3903 660 3959 M.
676 3897 764 3979 fidos]
787 3900 814 3964 ia
835 3897 916 3962 ultra
935 3905 1107 3982 praeturam
1124 3917 1187 3964 non
1201 3915 1265 3984 pro·

223 3997 321 4060 cessit.
353 3995 440 4061 Bello
458 3995 698 4078 Carthaginiensi
714 4009 743 4063 et
754 4001 916 4086 Hispanico
930 4001 1093 4066 tordssime
1112 4001 1266 4085 pugnarit3

224 4095 347 4160 annales
374 4097 504 4178 reliquit.
545 4099 606 4163 Res
626 4099 806 4168 Fuuuiorun
835 4109 974 4168 accurate
1001 4101 1135 4168 distinxit
1162 4112 1193 4192 et
1217 4117 1265 4165 er·

224 4198 323 4278 posuit
343 4197 473 4260 duellius
495 4199 525 4260 iu
547 4200 745 4265 Onomastioo.
1327 4199 1328 4202 ’
