2640 4780
359 395 550 466 BRUTUS
573 395 664 464 GAP.
686 397 738 464 31.
979 399 1075 472 m

121 561 238 634 XXXI.
261 563 332 632 117.
354 562 394 632 Et
413 568 560 652 quonium
577 564 753 634 Stoicorum
775 573 824 632 est
843 563 930 632 iada
948 571 1074 648 mendo,

50 682 200 762 (liebus
220 681 347 752 Tubero
368 683 427 750 fuit
448 684 505 752 illo
523 695 660 773 temporo
682 683 720 750 L.
738 682 829 750 Pauli
850 702 965 771 nepos,
986 684 1073 754 nullo

49 803 240 868 lucraturum
266 821 411 881 nurnero,
436 803 493 872 scd
513 805 580 870 vita
600 821 729 894 seuerus
751 811 781 868 et
804 821 981 888 congruens
1004 823 1073 872 cunr

49 939 81 986 ea
106 920 281 1008 disciplina,
314 940 407 1008 quam
436 921 577 1000 colebat,
613 919 707 1008 paulo
738 922 831 988 etiam
861 920 984 988 durior:
1020 922 1074 1008 qui

48 1038 153 1122 pridem
174 1041 206 1106 iu
224 1041 417 1108 triumviratu
435 1040 620 1108 iudicaverit
641 1049 750 1106 contra
763 1035 797 1104 P.
811 1039 956 1106 Africani
977 1057 1074 1108 avun-

47 1155 97 1220 culi
117 1158 160 1224 sui
182 1159 391 1226 testimouium
411 1159 609 1226 vacationem
630 1175 781 1242 augures,
810 1176 871 1244 quo
896 1159 998 1224 miuus
1024 1157 1073 1224 iu·

47 1273 123 1340 dieiis
138 1295 265 1362 operam
282 1275 407 1356 damni,
425 1295 488 1343 non
503 1273 636 1342 babere:
654 1275 711 1342 sod
728 1285 760 1342 ut
775 1276 850 1353 vita,
867 1276 914 1342 sic
930 1276 1073 1342 oratione

46 1389 124 1458 durus
150 1393 285 1463 incultus
313 1394 468 1465 horridus.
511 1395 617 1480 itaquo
644 1391 816 1462 honoribus
842 1395 995 1464 maiorum
1021 1413 1072 1462 re-

46 1510 178 1594 spondere
200 1532 265 1580 non
287 1515 394 1601 potuit.
437 1509 507 1580 Fuit
530 1522 633 1580 autem
654 1521 803 1582 constans
824 1513 903 1580 civis
928 1521 959 1580 et
980 1511 1072 1582 fortis

45 1635 69 1694 et
91 1629 245 1718 inprimis
266 1628 410 1698 Graccho
431 1631 597 1711 molestus,
625 1631 709 1720 quod
733 1630 852 1700 indicat
875 1629 1011 1700 Gracchi
1037 1633 1072 1702 ia

45 1763 101 1812 eum
121 1753 231 1816 oratio.
274 1758 346 1816 sunt
367 1750 461 1818 etiam
482 1750 515 1816 in
536 1748 712 1816 Gracchum
731 1747 920 1816 Tuberonis.
963 1748 1072 1816 isfuit

44 1863 190 1934 mediocris
205 1865 395 1944 indicendo,
413 1867 622 1936 doctissumus
638 1869 671 1934 iu
685 1866 881 1954 disputando.
905 1863 976 1932 118.
989 1863 1072 1934 Tuus

43 1975 152 2056 brutus:
181 1982 285 2064 Quam
311 1982 373 2050 boc
400 1983 483 2052 idem
509 1986 543 2052 in
566 1985 683 2050 nostris
705 1986 886 2068 contingere
909 1982 1071 2068 intellego,

43 2099 110 2182 quod
135 2101 342 2171 iuGraeeis:
371 2111 403 2169 ut
426 2121 534 2172 omnes
556 2100 623 2166 lero
646 2097 745 2166 Stoici
770 2071 1011 2187 prudentissumi
1038 2102 1072 2168 in

43 2213 208 2288 disserendo
230 2221 294 2290 sint
314 2230 346 2286 et
365 2218 398 2288 id
415 2229 482 2290 erto
504 2218 623 2288 iaciant
643 2219 766 2305 sintque
788 2216 950 2284 architecti
970 2236 1071 2304 paene

41 2333 203 2418 uerborum,
233 2339 335 2408 eidem
357 2338 492 2412 traducti
520 2357 541 2409 a
562 2335 747 2425 disputando
774 2335 815 2404 ad
836 2334 1001 2446 disemum
1022 2338 1072 2405 iu-

42 2469 104 2537 opcs
129 2458 332 2545 reperiantur.
375 2456 475 2526 Unum
504 2457 626 2544 excipio
653 2453 821 2536 Catonem,
850 2456 884 2522 in
911 2475 973 2542 quo
1000 2475 1072 2542 per·

42 2567 206 2644 lenissumo
234 2573 343 2646 Stoico
375 2595 526 2646 summam
555 2574 764 2664 eloquentiam
792 2595 856 2644 non
884 2573 1071 2654 desiderem,

41 2705 118 2771 quam
138 2696 285 2779 exiguam
306 2696 340 2760 iu
353 2691 494 2774 Fannio,
516 2713 555 2760 ue
577 2695 610 2760 iu
626 2692 743 2763 Rutilio
766 2693 892 2781 quidem
912 2711 1071 2778 maguam,

40 2804 251 2880 iuTuberone
282 2812 402 2882 nullam
428 2810 522 2879 video
551 2811 660 2876 luisse.
712 2809 784 2874 119.
814 2808 856 2875 Et
881 2829 960 2892 ego,
989 2807 1070 2887 Non,

39 2919 165 3010 inquam,
192 2927 303 3004 Brute,
332 2929 401 2993 sine
429 2944 542 3004 causa,
574 2935 741 3012 propterea
769 2925 853 3011 quod
881 2928 1011 2991 istorum
1037 2927 1071 2992 in

92 3159 151 3216 116.
188 3155 245 3216 Irae
260 3159 292 3212 in
301 3157 366 3228 eiu]
381 3156 454 3213 baec
469 3165 496 3212 et
505 3155 563 3213 bae
577 3157 645 3212 locis
659 3162 826 3211 commutare
834 3156 894 3212 vult
903 3155 1071 3214 Sobuetnius.

92 3255 194 3314 xxxi.
231 3259 289 3314 117.
326 3266 371 3314 est
386 3259 485 3332 facta]
507 3257 563 3316 inv.
582 3259 626 3314 ed.
644 3277 686 3331 pr.
704 3289 740 3299 -
767 3263 800 3316 dtr
818 3261 1021 3328 triumviratu]
1040 3265 1072 3318 iu
1186 3269 1190 3274 “

38 3339 179 3399 tribunatu
196 3346 267 3400 coni.
287 3344 366 3412 Sob.;
391 3353 466 3400 certe
483 3343 652 3416 probabilius
671 3353 713 3400 est
731 3346 855 3406 tribunos
873 3344 973 3403 iudicio
990 3345 1073 3400 inter

39 3429 155 3498 cessisse,
187 3445 267 3502 quom
289 3447 351 3484 cum
376 3429 559 3502 Bernhardyo
585 3431 742 3491 triumviros
768 3429 899 3502 capitales
921 3425 1073 3502 significari

37 3519 135 3578 putore:
154 3515 200 3586 qui
215 3532 273 3568 cum
287 3515 425 3572 iudicandi
439 3515 556 3584 nullam,
574 3517 722 3585 quaerendi
737 3516 772 3569 de
785 3516 852 3572 solis
864 3513 974 3570 infimae
986 3513 1071 3570 sortis

37 3589 175 3654 bominibus
199 3608 364 3672 potestatem
386 3600 535 3668 baberent,
559 3601 710 3666 neminem,
736 3607 766 3656 ut
790 3599 894 3656 iudiciis
917 3600 1071 3666 interesset,

37 3692 78 3734 suo
95 3682 205 3742 decreto
224 3703 326 3758 cogere
343 3693 500 3758 potuerunt.
519 3717 551 3725 -
577 3685 724 3762 oratioue]
746 3687 778 3740 ire
795 3701 837 3742 or.
856 3683 900 3741 ed.
916 3703 960 3760 pr.
978 3716 1013 3732 ·-·
1040 3691 1070 3742 et

37 3764 63 3816 ln
72 3771 192 3838 primis]
214 3777 244 3824 et
263 3787 315 3826 om.
335 3772 377 3826 ed.
394 3788 436 3843 pr.

96 3851 149 3910 lla
187 3854 337 3928 intellepo]
361 3857 401 3910 sic
422 3853 473 3926 lug.
493 3854 518 3910 8.
542 3853 585 3908 ab.
608 3853 650 3910 39,
669 3853 710 3908 51.
740 3854 811 3910 Ven.
832 3857 858 3914 1.
877 3884 912 3898 ·-
940 3857 1069 3929 prenden-

39 3934 158 4010 iiscumt]
176 3939 215 3995 sic
232 3939 284 4014 Lg.
295 3942 320 3998 8.
334 3941 377 4000 39.
391 3940 432 3998 51,
447 3940 489 3996 58.
509 3939 580 3994 Ver.
595 3941 618 3994 1.
631 3969 667 3983 -
692 3940 800 4008 eidem]
819 3940 900 3998 tdem
917 3939 967 4010 lup
987 3939 1069 4012 pieri·

38 4031 93 4086 pue,
114 4021 183 4080 llen.
203 4028 227 4084 l.
254 4025 306 4084 Gu.
327 4029 404 4083 1.-
430 4023 611 4094 desiderem]
630 4023 798 4084 deorumne
816 4023 860 4080 ed.
879 4041 920 4096 pr.

95 4121 150 4182 litt.
186 4134 255 4184 tuus
273 4130 388 4198 aukm]
412 4134 515 4184 aetem
539 4143 592 4184 onr.
611 4127 654 4192 ed.
673 4144 716 4200 pr.
739 4157 774 4174 ν-
803 4123 1068 4193 merelatum

37 4197 78 4274 ¹⁴&
93 4221 200 4280 wasto
217 4213 258 4270 35.
275 4245 310 4258 -
332 4212 479 4288 pretende]
497 4229 550 4272 om.
569 4211 614 4272 ea
629 4229 673 4285 pr.
