2674 4782
253 433 350 508 244
643 424 918 498 CICERONIS

185 645 187 650 ·
256 602 312 669 ille
335 620 399 668 non
419 598 496 665 dixit
517 597 555 666 le
578 605 834 666 testamentorum
855 601 942 677 iure,
970 597 1009 664 de
1033 598 1170 686 antiquis
1192 599 1309 667 formu-

257 719 319 786 list
363 739 454 806 quem
482 717 674 784 admodum
706 716 805 783 scribi
834 718 1038 803 oportuisset,
1066 719 1095 782 si
1122 719 1218 783 etiam
1244 719 1309 785 filio

258 846 419 906 non-nato
442 835 536 902 lueres
558 837 788 902 instituereturt
826 835 900 902 196.
927 855 1020 921 quam
1042 836 1215 922 captiosum
1238 858 1309 903 esse

258 955 373 1044 populo
403 954 486 1041 quod
518 958 664 1042 scriptum
693 962 779 1019 esset
805 953 934 1038 neglegi
963 963 994 1019 et
1024 955 1171 1040 opinione
1202 958 1311 1040 quaeri

261 1073 437 1140 voluntates
459 1082 490 1138 et
511 1074 765 1159 interpretatione
790 1071 974 1137 disertorum
992 1073 1109 1158 scripta
1124 1071 1311 1159 simplicium

261 1191 643 1278 hominum'pervertercl
688 1189 760 1255 197.
792 1209 885 1275 quam
911 1189 966 1256 ille
995 1189 1092 1256 multa
1115 1189 1153 1255 dc
1176 1194 1312 1257 auctori-

260 1319 325 1376 tate
358 1310 456 1396 patris
489 1309 554 1386 sui,
589 1309 640 1393 qui
672 1327 796 1394 semper
823 1310 872 1374 ius
899 1307 978 1374 illud
1006 1327 1079 1374 essa
1107 1307 1311 1375 defenderatt

263 1447 356 1514 quam
388 1427 513 1492 omuino
545 1423 645 1490 multa
671 1425 710 1491 de
736 1425 953 1492 conseruando
982 1427 1050 1490 iure
1077 1425 1187 1492 ciuilit
1233 1447 1310 1513 quae

264 1545 389 1632 quidem
416 1545 521 1610 omnia
553 1562 622 1608 cum
654 1545 752 1630 perite
785 1554 816 1611 et
830 1529 979 1610 ⁸scienter
1009 1553 1073 1608 turn
1105 1545 1148 1610 ita
1173 1543 1312 1611 breuiter

266 1672 297 1730 et
326 1682 436 1750 presse
471 1671 502 1727 et
527 1664 605 1728 satis
635 1671 744 1728 ornate
775 1670 806 1727 et
831 1661 1057 1749 pereleganter
1080 1661 1213 1741 diceret,
1245 1666 1310 1749 quis

266 1791 352 1848 esset
375 1783 409 1846 in
428 1779 558 1868 populo,
580 1781 634 1867 qui
656 1789 710 1846 aut
729 1789 925 1868 exspectaret
949 1789 1002 1846 aut
1022 1779 1090 1845 lieri
1111 1799 1208 1867 posse
1227 1784 1309 1867 quic-

266 1919 359 1988 quam
381 1899 493 1965 melius
512 1903 653 1986 putarett

351 2015 432 2082 Llll.
472 2016 516 2083 At
546 2036 636 2096 uero,
668 2023 702 2080 ut
733 2023 842 2082 contra
868 2013 1003 2082 Crassus
1035 2013 1075 2080 ab
1112 2015 1331 2082 adolescente

268 2135 419 2214 delicato,
449 2135 501 2220 qui
529 2138 563 2200 in
583 2133 676 2199 litore
703 2131 868 2199 ambulans
891 2131 1042 2198 scalmum
1062 2137 1254 2220 repperisset
1274 2133 1310 2200 ob

267 2273 398 2340 eamque
415 2271 483 2317 rem
503 2250 671 2318 aedificare
693 2269 806 2318 novem
832 2252 1074 2337 concupivisset,
1102 2269 1235 2318 exorsus
1257 2261 1309 2330 est,

267 2347 413 2436 similiter
431 2365 622 2436 Scaevolam
643 2391 683 2436 ex
702 2390 765 2436 uno
785 2369 905 2435 scalmo
923 2370 1075 2456 captionis
1092 2369 1308 2438 centumuirale

266 2487 416 2553 iudicium
441 2485 624 2553 hereditatis
652 2486 815 2552 effecisse:
842 2485 903 2552 hoc
928 2487 984 2552 ille
1011 2489 1100 2553 initio
1130 2498 1307 2554 consecutus

267 2604 372 2670 multis
404 2605 544 2671 eiusdem
575 2607 702 2691 generis
735 2605 898 2669 sententiis
932 2602 1098 2672 delectavit
1132 2608 1306 2692 animosque

269 2725 419 2802 omnium,
442 2727 495 2810 qui
512 2723 655 2800 aderant,
677 2723 710 2786 in
725 2719 915 2787 hilaritatem
938 2742 958 2788 a
975 2725 1143 2789 severitate
1159 2725 1306 2790 traduxit:

269 2835 352 2927 quod
383 2852 431 2908 est
462 2860 556 2906 unum
590 2859 629 2905 ex
653 2837 769 2918 tribue,
803 2858 883 2925 quae
917 2839 981 2905 dixi
1009 2839 1048 2906 ab
1079 2851 1205 2908 oratore
1232 2841 1307 2908 ellici

270 2958 395 3027 debere.
439 2957 555 3030 deinde
579 2956 640 3024 hoc
668 2957 809 3024 voluisse
834 2977 919 3036 eum,
947 2960 1000 3045 qui
1022 2967 1240 3027 testamentum
1267 2959 1329 3060 leq

333 3125 378 3167 196.
405 3127 534 3178 captiosum
547 3123 605 3178 esse]
620 3126 745 3178 captiosum
759 3127 829 3167 esset
861 3113 863 3118 ¹

271 3241 314 3297 orl
328 3243 463 3310 mechom]
481 3243 570 3314 quta?
588 3260 616 3313 p.
635 3259 664 3298 a.
680 3259 720 3296 m.
739 3243 781 3298 ed.
795 3259 838 3314 pr.
855 3252 988 3316 sequente
1006 3241 1056 3300 Or.
1073 3254 1102 3300 et
1113 3245 1249 3316 Meyer03
1265 3243 1308 3300 sed

267 3328 338 3381 liber
361 3327 466 3394 nullus,
490 3336 520 3381 ut
542 3327 666 3392 videtur3
693 3337 752 3382 neo'
767 3331 839 3383 ratio
864 3339 922 3397 est,
946 3337 974 3382 et
996 3330 1060 3399 quia
1080 3331 1202 3401 sequitur
1227 3345 1308 3402 quom

269 3415 439 3484 captiosum
454 3429 533 3477 esse,
550 3429 605 3467 non
617 3413 712 3484 quid?
729 3431 819 3486 poam
829 3417 1014 3487 captiosum,
1029 3423 1057 3469 et
1069 3415 1134 3484 quia
1145 3417 1186 3471 sic
1196 3417 1308 3488 legentes

269 3513 305 3550 ex
319 3497 460 3568 prioribus
476 3498 647 3554 subaudituri
664 3507 756 3554 essent
774 3501 847 3570 putri
865 3500 915 3554 ille
931 3516 991 3556 ooo
1008 3499 1108 3554 discit?

291 3615 293 3624 ι
338 3581 396 3638 196.
433 3589 602 3657 captiosum
616 3587 690 3654 esre]
710 3593 787 3639 esset
803 3585 934 3640 Euarestus
952 3590 977 3640 aa
993 3594 1090 3641 contra
1102 3587 1223 3641 omnium
1236 3587 1307 3640 libro·

267 3679 326 3718 rum
343 3664 429 3722 iidem
447 3677 552 3722 etcum
570 3671 648 3741 gravi
665 3669 839 3726 soloecismo.
857 3699 893 3712 —
919 3676 1065 3744 seriptum
1082 3673 1171 3740 esset]
1195 3689 1252 3728 scr.
1272 3675 1307 3724 ert

268 3747 311 3803 erl.
329 3765 371 3818 pr.
390 3779 425 3790 -
450 3753 577 3826 neqleqi]
596 3757 636 3810 sic
653 3755 704 3826 Lg.
722 3754 749 3809 8.
767 3755 808 3811 51.
827 3755 868 3810 58.
896 3751 954 3810 Ott.
1326 3749 1327 3833 l

269 3849 272 3856 ⁴
339 3833 397 3890 197.
433 3841 566 3909 omnino]
591 3844 697 3896 omoia'
717 3840 759 3894 erlo
778 3855 818 3910 pr.
836 3871 871 3880 -
895 3844 940 3895 tta
958 3839 1096 3910 breviter]
1122 3843 1162 3897 sic
1186 3843 1264 3897 codd.
1285 3845 1307 3893 et

268 3916 345 3986 edd„
358 3932 470 3992 praeter
480 3923 532 3998 Lg.
547 3927 603 3995 51„
617 3927 662 3995 qui
676 3929 722 3979 ito
736 3933 837 3990 cautor
853 3925 1039 3994 explicatio,
1054 3933 1089 3982 ut
1103 3933 1201 3992 nosti,
1215 3945 1237 3982 s.
1252 3926 1306 3985 rita,

267 4021 358 4075 quam
375 4014 470 4074 nortl,
489 4009 649 4074 breuitate,
666 4007 784 4078 ἠθικῶςι
802 4029 830 4067 v.
849 4010 939 4066 Hand.
959 4009 1075 4068 Turseli,
1090 4011 1138 4069 lll.
1157 4031 1186 4084 p.
1199 4013 1258 4068 499.
1284 4014 1306 4064 el
1325 4067 1326 4070 ,

269 4087 394 4147 breviter
410 4095 511 4161 Aldus;
531 4097 630 4165 probat
648 4094 712 4148 Scir.

338 4175 409 4234 Llll.
446 4187 480 4238 ut
498 4187 604 4236 contra
621 4178 758 4248 mesas]
777 4185 881 4235 contra
895 4178 1027 4236 Orasruo
1043 4189 1077 4237 ut
1093 4181 1145 4236 Gn.
1161 4183 1185 4237 l.
1201 4211 1236 4222 —-
1255 4193 1306 4251 repr

264 4262 408 4329 perisset]
427 4263 467 4316 sic
483 4280 535 4336 per
548 4281 592 4337 pp
608 4263 660 4338 hg.
678 4274 790 4337 praeter
806 4265 849 4322 39.
867 4265 910 4326 58.
926 4266 985 4335 79,
1003 4268 1068 4324 item
1085 4267 1156 4326 Veu.
1168 4268 1192 4324 1.
1210 4263 1269 4326 0tt.
1280 4291 1305 4306 ν
