<?xml version="1.0" encoding="UTF-8"?>
<!DOCTYPE html PUBLIC "-//W3C//DTD XHTML 1.0 Transitional//EN"
    "http://www.w3.org/TR/xhtml1/DTD/xhtml1-transitional.dtd">
<html xmlns="http://www.w3.org/1999/xhtml" xml:lang="en" lang="en">
 <head>
  <title>
</title>
<meta http-equiv="Content-Type" content="text/html;charset=utf-8" />
  <meta name='ocr-system' content='tesseract 3.04.00' />
  <meta name='ocr-capabilities' content='ocr_page ocr_carea ocr_par ocr_line ocrx_word'/>
</head>
<body>
  <div class='ocr_page' id='page_1' title='image "./brutussivedecla00cicegoog/brutussivedecla00cicegoog_0152.png"; bbox 0 0 2690 4780; ppageno 0'>
   <div class='ocr_carea' id='block_1_1' title="bbox 261 417 1147 502">
    <p class='ocr_par' dir='ltr' id='par_1_1' title="bbox 261 417 1147 502">
     <span class='ocr_line' id='line_1_1' title="bbox 261 417 1147 502; baseline -0.012 -1"><span class='ocrx_word' id='word_1_1' title='bbox 261 429 354 500; x_wconf 71' lang='lat' dir='ltr'>las</span> <span class='ocrx_word' id='word_1_2' title='bbox 422 418 571 488; x_wconf 80' lang='lat' dir='ltr'>BllEVlS</span> <span class='ocrx_word' id='word_1_3' title='bbox 592 418 890 502; x_wconf 83' lang='lat' dir='ltr'>ELOQUENTIAE</span> <span class='ocrx_word' id='word_1_4' title='bbox 912 417 1015 490; x_wconf 77' lang='lat' dir='ltr'>bom.</span> <span class='ocrx_word' id='word_1_5' title='bbox 1037 421 1147 490; x_wconf 77' lang='lat' dir='ltr'>uisu,</span> 
     </span>
    </p>
   </div>
   <div class='ocr_carea' id='block_1_2' title="bbox 181 593 1339 3600">
    <p class='ocr_par' dir='ltr' id='par_1_2' title="bbox 181 593 1339 3600">
     <span class='ocr_line' id='line_1_2' title="bbox 261 593 1299 671; baseline -0.007 -6"><span class='ocrx_word' id='word_1_6' title='bbox 261 618 316 665; x_wconf 88' lang='lat' dir='ltr'>nac</span> <span class='ocrx_word' id='word_1_7' title='bbox 337 614 408 660; x_wconf 87' lang='lat' dir='ltr'>sane</span> <span class='ocrx_word' id='word_1_8' title='bbox 430 601 567 657; x_wconf 89' lang='lat' dir='ltr'>accurate</span> <span class='ocrx_word' id='word_1_9' title='bbox 587 593 702 656; x_wconf 88' lang='lat' dir='ltr'>locutus</span> <span class='ocrx_word' id='word_1_10' title='bbox 726 603 770 657; x_wconf 88' lang='lat' dir='ltr'>est</span> <span class='ocrx_word' id='word_1_11' title='bbox 786 595 925 661; x_wconf 88' lang='lat' dir='ltr'>Valerius</span> <span class='ocrx_word' id='word_1_12' title='bbox 941 597 1105 671; x_wconf 76' lang='lat' dir='ltr'><strong>Maximus,</strong></span> <span class='ocrx_word' id='word_1_13' title='bbox 1129 614 1190 658; x_wconf 92' lang='lat' dir='ltr'>cum</span> <span class='ocrx_word' id='word_1_14' title='bbox 1211 594 1299 660; x_wconf 88' lang='lat' dir='ltr'>aCa-</span> 
     </span>
     <span class='ocr_line' id='line_1_3' title="bbox 261 692 1300 775; baseline -0.006 -11"><span class='ocrx_word' id='word_1_15' title='bbox 261 702 342 764; x_wconf 86' lang='lat' dir='ltr'>minio</span> <span class='ocrx_word' id='word_1_16' title='bbox 373 698 539 763; x_wconf 90' lang='lat' dir='ltr'>damnatum</span> <span class='ocrx_word' id='word_1_17' title='bbox 558 697 715 758; x_wconf 91' lang='lat' dir='ltr'>Antonium</span> <span class='ocrx_word' id='word_1_18' title='bbox 737 695 807 758; x_wconf 90' lang='lat' dir='ltr'>dicit</span> <span class='ocrx_word' id='word_1_19' title='bbox 824 692 890 775; x_wconf 78' lang='lat'><strong>(³²).</strong></span> <span class='ocrx_word' id='word_1_20' title='bbox 933 704 1008 759; x_wconf 90' lang='lat' dir='ltr'>Acta</span> <span class='ocrx_word' id='word_1_21' title='bbox 1031 705 1127 760; x_wconf 88' lang='lat' dir='ltr'>autem</span> <span class='ocrx_word' id='word_1_22' title='bbox 1148 704 1300 760; x_wconf 86' lang='lat' dir='ltr'>causaest</span> 
     </span>
     <span class='ocr_line' id='line_1_4' title="bbox 261 797 1299 878; baseline -0.006 -13"><span class='ocrx_word' id='word_1_23' title='bbox 261 801 392 866; x_wconf 87' lang='lat' dir='ltr'>Caesare</span> <span class='ocrx_word' id='word_1_24' title='bbox 409 805 438 858; x_wconf 92' lang='lat' dir='ltr'>et</span> <span class='ocrx_word' id='word_1_25' title='bbox 452 797 560 859; x_wconf 86' lang='lat' dir='ltr'>Bibulo</span> <span class='ocrx_word' id='word_1_26' title='bbox 580 797 747 858; x_wconf 90' lang='lat' dir='ltr'>oonsulibus</span> <span class='ocrx_word' id='word_1_27' title='bbox 765 817 793 858; x_wconf 90' lang='lat' dir='ltr'>a.</span> <span class='ocrx_word' id='word_1_28' title='bbox 811 798 873 861; x_wconf 81' lang='grc'>696</span> <span class='ocrx_word' id='word_1_29' title='bbox 891 799 969 878; x_wconf 91' lang='lat' dir='ltr'>apud</span> <span class='ocrx_word' id='word_1_30' title='bbox 985 806 1153 878; x_wconf 79' lang='lat' dir='ltr'><strong>praetorem</strong></span> <span class='ocrx_word' id='word_1_31' title='bbox 1164 799 1299 862; x_wconf 83' lang='lat' dir='ltr'>CnLen-</span> 
     </span>
     <span class='ocr_line' id='line_1_5' title="bbox 259 897 1299 978; baseline -0.006 -12"><span class='ocrx_word' id='word_1_32' title='bbox 259 903 351 966; x_wconf 85' lang='lat' dir='ltr'>tulum</span> <span class='ocrx_word' id='word_1_33' title='bbox 373 897 560 972; x_wconf 88' lang='lat' dir='ltr'>Clodianum,</span> <span class='ocrx_word' id='word_1_34' title='bbox 586 899 637 978; x_wconf 84' lang='lat' dir='ltr'>qui</span> <span class='ocrx_word' id='word_1_35' title='bbox 654 899 809 960; x_wconf 78' lang='lat' dir='ltr'>usitatiore</span> <span class='ocrx_word' id='word_1_36' title='bbox 826 907 1018 978; x_wconf 80' lang='lat' dir='ltr'>cognomento</span> <span class='ocrx_word' id='word_1_37' title='bbox 1036 899 1228 962; x_wconf 77' lang='lat' dir='ltr'>Marcellinus</span> <span class='ocrx_word' id='word_1_38' title='bbox 1250 917 1299 962; x_wconf 84' lang='lat' dir='ltr'>uo-</span> 
     </span>
     <span class='ocr_line' id='line_1_6' title="bbox 261 996 1301 1082; baseline -0.007 -15"><span class='ocrx_word' id='word_1_39' title='bbox 261 1012 344 1068; x_wconf 90' lang='lat' dir='ltr'>catur</span> <span class='ocrx_word' id='word_1_40' title='bbox 365 996 429 1077; x_wconf 82' lang='lat'>(³³).</span> <span class='ocrx_word' id='word_1_41' title='bbox 485 1001 581 1063; x_wconf 85' lang='lat' dir='ltr'>Genus</span> <span class='ocrx_word' id='word_1_42' title='bbox 615 1000 677 1060; x_wconf 88' lang='lat' dir='ltr'>eius</span> <span class='ocrx_word' id='word_1_43' title='bbox 707 1001 841 1075; x_wconf 85' lang='lat' dir='ltr'>mixtum,</span> <span class='ocrx_word' id='word_1_44' title='bbox 874 999 911 1061; x_wconf 90' lang='lat' dir='ltr'>de</span> <span class='ocrx_word' id='word_1_45' title='bbox 941 999 1123 1062; x_wconf 87' lang='lat' dir='ltr'>Macedonia</span> <span class='ocrx_word' id='word_1_46' title='bbox 1155 1001 1301 1082; x_wconf 77' lang='lat' dir='ltr'>prouincia</span> 
     </span>
     <span class='ocr_line' id='line_1_7' title="bbox 259 1099 1300 1182; baseline -0.006 -14"><span class='ocrx_word' id='word_1_47' title='bbox 259 1106 337 1169; x_wconf 89' lang='lat' dir='ltr'>male</span> <span class='ocrx_word' id='word_1_48' title='bbox 357 1103 460 1166; x_wconf 90' lang='lat' dir='ltr'>habita</span> <span class='ocrx_word' id='word_1_49' title='bbox 481 1109 509 1162; x_wconf 89' lang='lat' dir='ltr'>et</span> <span class='ocrx_word' id='word_1_50' title='bbox 528 1099 740 1182; x_wconf 79' lang='lat' dir='ltr'>perduellionis</span> <span class='ocrx_word' id='word_1_51' title='bbox 762 1100 956 1176; x_wconf 82' lang='lat' dir='ltr'>Catilinariae</span> <span class='ocrx_word' id='word_1_52' title='bbox 979 1103 1135 1164; x_wconf 86' lang='lat' dir='ltr'>societate:</span> <span class='ocrx_word' id='word_1_53' title='bbox 1163 1121 1247 1182; x_wconf 87' lang='lat' dir='ltr'>quam</span> <span class='ocrx_word' id='word_1_54' title='bbox 1266 1102 1300 1162; x_wconf 92' lang='lat' dir='ltr'>ob</span> 
     </span>
     <span class='ocr_line' id='line_1_8' title="bbox 259 1201 1301 1284; baseline -0.008 -14"><span class='ocrx_word' id='word_1_55' title='bbox 259 1225 323 1270; x_wconf 88' lang='lat' dir='ltr'>rem</span> <span class='ocrx_word' id='word_1_56' title='bbox 351 1203 509 1277; x_wconf 86' lang='lat' dir='ltr'>Antonius,</span> <span class='ocrx_word' id='word_1_57' title='bbox 542 1219 606 1262; x_wconf 90' lang='lat' dir='ltr'>cum</span> <span class='ocrx_word' id='word_1_58' title='bbox 637 1201 863 1282; x_wconf 89' lang='lat' dir='ltr'>repetundarum</span> <span class='ocrx_word' id='word_1_59' title='bbox 896 1202 1005 1264; x_wconf 83' lang='lat' dir='ltr'>crimen</span> <span class='ocrx_word' id='word_1_60' title='bbox 1034 1203 1139 1266; x_wconf 90' lang='lat' dir='ltr'>Cicero</span> <span class='ocrx_word' id='word_1_61' title='bbox 1166 1211 1301 1284; x_wconf 87' lang='lat' dir='ltr'>patronus</span> 
     </span>
     <span class='ocr_line' id='line_1_9' title="bbox 258 1291 1300 1382; baseline -0.008 -12"><span class='ocrx_word' id='word_1_62' title='bbox 258 1308 431 1379; x_wconf 75' lang='lat' dir='ltr'>refutasset,</span> <span class='ocrx_word' id='word_1_63' title='bbox 455 1303 491 1364; x_wconf 91' lang='lat' dir='ltr'>de</span> <span class='ocrx_word' id='word_1_64' title='bbox 510 1302 541 1365; x_wconf 83' lang='lat' dir='ltr'>ri</span> <span class='ocrx_word' id='word_1_65' title='bbox 562 1291 718 1362; x_wconf 74' lang='lat' dir='ltr'>damnatus</span> <span class='ocrx_word' id='word_1_66' title='bbox 736 1309 790 1364; x_wconf 84' lang='lat' dir='ltr'>est.</span> <span class='ocrx_word' id='word_1_67' title='bbox 821 1303 955 1368; x_wconf 89' lang='lat' dir='ltr'>Vatinius</span> <span class='ocrx_word' id='word_1_68' title='bbox 977 1303 1053 1364; x_wconf 90' lang='lat' dir='ltr'>enim</span> <span class='ocrx_word' id='word_1_69' title='bbox 1073 1303 1215 1366; x_wconf 84' lang='lat' dir='ltr'>beneficio</span> <span class='ocrx_word' id='word_1_70' title='bbox 1228 1304 1300 1382; x_wconf 83' lang='lat' dir='ltr'>legis</span> 
     </span>
     <span class='ocr_line' id='line_1_10' title="bbox 260 1403 1299 1487; baseline -0.007 -16"><span class='ocrx_word' id='word_1_71' title='bbox 260 1426 348 1484; x_wconf 89' lang='lat' dir='ltr'>suae,</span> <span class='ocrx_word' id='word_1_72' title='bbox 382 1423 458 1487; x_wconf 84' lang='lat' dir='ltr'>quae</span> <span class='ocrx_word' id='word_1_73' title='bbox 490 1403 715 1466; x_wconf 83' lang='lat' dir='ltr'>commodiorem</span> <span class='ocrx_word' id='word_1_74' title='bbox 745 1403 874 1466; x_wconf 91' lang='lat' dir='ltr'>iudicum</span> <span class='ocrx_word' id='word_1_75' title='bbox 904 1405 1087 1468; x_wconf 86' lang='lat' dir='ltr'>sortitionem</span> <span class='ocrx_word' id='word_1_76' title='bbox 1118 1405 1299 1477; x_wconf 77' lang='lat' dir='ltr'>sororiabat,</span> 
     </span>
     <span class='ocr_line' id='line_1_11' title="bbox 260 1505 1300 1586; baseline -0.008 -14"><span class='ocrx_word' id='word_1_77' title='bbox 260 1508 395 1572; x_wconf 90' lang='lat' dir='ltr'>clausula</span> <span class='ocrx_word' id='word_1_78' title='bbox 424 1505 540 1584; x_wconf 77' lang='lat' dir='ltr'>adiecta</span> <span class='ocrx_word' id='word_1_79' title='bbox 563 1523 646 1566; x_wconf 90' lang='lat' dir='ltr'>reum</span> <span class='ocrx_word' id='word_1_80' title='bbox 666 1507 822 1568; x_wconf 88' lang='lat' dir='ltr'>Antonium</span> <span class='ocrx_word' id='word_1_81' title='bbox 848 1505 987 1580; x_wconf 84' lang='lat' dir='ltr'>exclusit,</span> <span class='ocrx_word' id='word_1_82' title='bbox 1016 1505 1096 1586; x_wconf 85' lang='lat' dir='ltr'>quod</span> <span class='ocrx_word' id='word_1_83' title='bbox 1125 1505 1232 1568; x_wconf 90' lang='lat' dir='ltr'>acerbe</span> <span class='ocrx_word' id='word_1_84' title='bbox 1253 1521 1300 1564; x_wconf 85' lang='lat' dir='ltr'>ex-</span> 
     </span>
     <span class='ocr_line' id='line_1_12' title="bbox 258 1599 1339 1694; baseline -0.007 -21"><span class='ocrx_word' id='word_1_85' title='bbox 258 1611 383 1694; x_wconf 90' lang='lat' dir='ltr'>probrat</span> <span class='ocrx_word' id='word_1_86' title='bbox 404 1607 508 1672; x_wconf 90' lang='lat' dir='ltr'>Cicero</span> <span class='ocrx_word' id='word_1_87' title='bbox 530 1607 561 1668; x_wconf 91' lang='lat' dir='ltr'>in</span> <span class='ocrx_word' id='word_1_88' title='bbox 583 1607 731 1681; x_wconf 90' lang='lat' dir='ltr'>oratione,</span> <span class='ocrx_word' id='word_1_89' title='bbox 759 1625 819 1688; x_wconf 86' lang='lat' dir='ltr'>qua</span> <span class='ocrx_word' id='word_1_90' title='bbox 840 1625 905 1668; x_wconf 91' lang='lat' dir='ltr'>eum</span> <span class='ocrx_word' id='word_1_91' title='bbox 926 1607 958 1668; x_wconf 89' lang='lat' dir='ltr'>in</span> <span class='ocrx_word' id='word_1_92' title='bbox 977 1615 1081 1669; x_wconf 90' lang='lat' dir='ltr'>senatu</span> <span class='ocrx_word' id='word_1_93' title='bbox 1102 1599 1300 1685; x_wconf 75' lang='lat' dir='ltr'>concidit(³⁴).</span> <span class='ocrx_word' id='word_1_94' title='bbox 1338 1689 1339 1692; x_wconf 8' lang='grc' dir='ltr'><strong>Ἴ</strong></span> 
     </span>
     <span class='ocr_line' id='line_1_13' title="bbox 259 1693 1339 1788; baseline -0.006 -14"><span class='ocrx_word' id='word_1_95' title='bbox 259 1713 352 1774; x_wconf 90' lang='lat' dir='ltr'>Huius</span> <span class='ocrx_word' id='word_1_96' title='bbox 390 1709 514 1784; x_wconf 87' lang='lat' dir='ltr'>actionis</span> <span class='ocrx_word' id='word_1_97' title='bbox 556 1707 628 1769; x_wconf 90' lang='lat' dir='ltr'>duas</span> <span class='ocrx_word' id='word_1_98' title='bbox 659 1707 821 1788; x_wconf 88' lang='lat' dir='ltr'>particulas</span> <span class='ocrx_word' id='word_1_99' title='bbox 854 1709 983 1772; x_wconf 81' lang='lat' dir='ltr'>seruauit</span> <span class='ocrx_word' id='word_1_100' title='bbox 1015 1707 1213 1786; x_wconf 83' lang='lat' dir='ltr'>Quintilianus</span> <span class='ocrx_word' id='word_1_101' title='bbox 1234 1701 1300 1786; x_wconf 77' lang='grc'>(33);</span> <span class='ocrx_word' id='word_1_102' title='bbox 1338 1693 1339 1782; x_wconf 72' lang='lat' dir='ltr'>l</span> 
     </span>
     <span class='ocr_line' id='line_1_14' title="bbox 259 1789 1339 1876; baseline -0.005 -2"><span class='ocrx_word' id='word_1_103' title='bbox 259 1813 356 1874; x_wconf 92' lang='lat' dir='ltr'>altera</span> <span class='ocrx_word' id='word_1_104' title='bbox 383 1809 559 1873; x_wconf 80' lang='lat' dir='ltr'>brevissima</span> <span class='ocrx_word' id='word_1_105' title='bbox 587 1815 640 1870; x_wconf 86' lang='lat' dir='ltr'>est.</span> <span class='ocrx_word' id='word_1_106' title='bbox 684 1808 821 1871; x_wconf 89' lang='lat' dir='ltr'>Secunda</span> <span class='ocrx_word' id='word_1_107' title='bbox 847 1810 995 1870; x_wconf 80' lang='lat' dir='ltr'>accusatio</span> <span class='ocrx_word' id='word_1_108' title='bbox 1022 1810 1060 1876; x_wconf 79' lang='lat' dir='ltr'>in,</span> <span class='ocrx_word' id='word_1_109' title='bbox 1078 1810 1117 1872; x_wconf 86' lang='lat' dir='ltr'>L.</span> <span class='ocrx_word' id='word_1_110' title='bbox 1143 1811 1301 1872; x_wconf 82' lang='lat' dir='ltr'>Atratinum</span> <span class='ocrx_word' id='word_1_111' title='bbox 1338 1789 1339 1822; x_wconf 57' lang='lat'>¹</span> 
     </span>
     <span class='ocr_line' id='line_1_15' title="bbox 259 1909 1301 1992; baseline -0.005 -18"><span class='ocrx_word' id='word_1_112' title='bbox 259 1913 296 1974; x_wconf 84' lang='lat' dir='ltr'>‹le</span> <span class='ocrx_word' id='word_1_113' title='bbox 320 1912 430 1974; x_wconf 92' lang='lat' dir='ltr'>ambitu</span> <span class='ocrx_word' id='word_1_114' title='bbox 451 1911 566 1972; x_wconf 91' lang='lat' dir='ltr'>actione</span> <span class='ocrx_word' id='word_1_115' title='bbox 586 1910 656 1985; x_wconf 92' lang='lat' dir='ltr'>illa,</span> <span class='ocrx_word' id='word_1_116' title='bbox 679 1927 766 1990; x_wconf 89' lang='lat' dir='ltr'>quam</span> <span class='ocrx_word' id='word_1_117' title='bbox 780 1909 909 1970; x_wconf 84' lang='lat' dir='ltr'>Atratini</span> <span class='ocrx_word' id='word_1_118' title='bbox 928 1909 1006 1972; x_wconf 86' lang='lat' dir='ltr'>filius</span> <span class='ocrx_word' id='word_1_119' title='bbox 1031 1910 1193 1972; x_wconf 88' lang='lat' dir='ltr'>ulciscendi</span> <span class='ocrx_word' id='word_1_120' title='bbox 1213 1910 1301 1992; x_wconf 85' lang='lat' dir='ltr'>patris</span> 
     </span>
     <span class='ocr_line' id='line_1_16' title="bbox 259 2011 1301 2091; baseline -0.003 -16"><span class='ocrx_word' id='word_1_121' title='bbox 259 2032 351 2076; x_wconf 90' lang='lat' dir='ltr'>causa</span> <span class='ocrx_word' id='word_1_122' title='bbox 378 2011 480 2075; x_wconf 85' lang='lat' dir='ltr'>Caelio</span> <span class='ocrx_word' id='word_1_123' title='bbox 507 2011 674 2085; x_wconf 80' lang='lat' dir='ltr'>intentavit,</span> <span class='ocrx_word' id='word_1_124' title='bbox 702 2029 761 2072; x_wconf 90' lang='lat' dir='ltr'>non</span> <span class='ocrx_word' id='word_1_125' title='bbox 789 2011 879 2072; x_wconf 90' lang='lat' dir='ltr'>multo</span> <span class='ocrx_word' id='word_1_126' title='bbox 907 2013 991 2091; x_wconf 91' lang='lat' dir='ltr'>prior</span> <span class='ocrx_word' id='word_1_127' title='bbox 1014 2011 1142 2086; x_wconf 82' lang='lat' dir='ltr'>ridetur,</span> <span class='ocrx_word' id='word_1_128' title='bbox 1173 2013 1229 2073; x_wconf 86' lang='lat' dir='ltr'>etsi</span> <span class='ocrx_word' id='word_1_129' title='bbox 1256 2028 1301 2072; x_wconf 89' lang='lat' dir='ltr'>ac·</span> 
     </span>
     <span class='ocr_line' id='line_1_17' title="bbox 259 2111 1301 2192; baseline -0.002 -16"><span class='ocrx_word' id='word_1_130' title='bbox 259 2116 388 2176; x_wconf 88' lang='lat' dir='ltr'>curatius</span> <span class='ocrx_word' id='word_1_131' title='bbox 417 2112 531 2175; x_wconf 87' lang='lat' dir='ltr'>definiri</span> <span class='ocrx_word' id='word_1_132' title='bbox 557 2111 612 2172; x_wconf 89' lang='lat' dir='ltr'>illa</span> <span class='ocrx_word' id='word_1_133' title='bbox 639 2129 688 2172; x_wconf 91' lang='lat' dir='ltr'>res</span> <span class='ocrx_word' id='word_1_134' title='bbox 709 2129 768 2174; x_wconf 90' lang='lat' dir='ltr'>non</span> <span class='ocrx_word' id='word_1_135' title='bbox 789 2118 899 2192; x_wconf 81' lang='lat' dir='ltr'>potest3</span> <span class='ocrx_word' id='word_1_136' title='bbox 925 2111 1000 2172; x_wconf 85' lang='lat' dir='ltr'>uilnil</span> <span class='ocrx_word' id='word_1_137' title='bbox 1022 2113 1084 2173; x_wconf 89' lang='lat' dir='ltr'>cius</span> <span class='ocrx_word' id='word_1_138' title='bbox 1104 2120 1226 2192; x_wconf 87' lang='lat' dir='ltr'>praeter</span> <span class='ocrx_word' id='word_1_139' title='bbox 1246 2129 1301 2174; x_wconf 88' lang='lat' dir='ltr'>me-</span> 
     </span>
     <span class='ocr_line' id='line_1_18' title="bbox 258 2211 1302 2294; baseline -0.002 -18"><span class='ocrx_word' id='word_1_140' title='bbox 258 2218 380 2278; x_wconf 88' lang='lat' dir='ltr'>moriam</span> <span class='ocrx_word' id='word_1_141' title='bbox 403 2220 507 2276; x_wconf 86' lang='lat' dir='ltr'>exstat.</span> <span class='ocrx_word' id='word_1_142' title='bbox 539 2213 691 2274; x_wconf 84' lang='lat' dir='ltr'>Atratinus</span> <span class='ocrx_word' id='word_1_143' title='bbox 708 2213 783 2273; x_wconf 89' lang='lat' dir='ltr'>euim</span> <span class='ocrx_word' id='word_1_144' title='bbox 800 2211 927 2273; x_wconf 86' lang='lat' dir='ltr'>damuati</span> <span class='ocrx_word' id='word_1_145' title='bbox 945 2211 1023 2274; x_wconf 91' lang='lat' dir='ltr'>lilius</span> <span class='ocrx_word' id='word_1_146' title='bbox 1040 2230 1058 2272; x_wconf 92' lang='lat' dir='ltr'>a</span> <span class='ocrx_word' id='word_1_147' title='bbox 1076 2211 1198 2287; x_wconf 89' lang='lat' dir='ltr'>Clodia,</span> <span class='ocrx_word' id='word_1_148' title='bbox 1220 2231 1302 2294; x_wconf 91' lang='lat' dir='ltr'>quam</span> 
     </span>
     <span class='ocr_line' id='line_1_19' title="bbox 259 2311 1302 2393; baseline -0.002 -17"><span class='ocrx_word' id='word_1_149' title='bbox 259 2321 408 2378; x_wconf 79' lang='lat' dir='ltr'>amaverat</span> <span class='ocrx_word' id='word_1_150' title='bbox 432 2313 566 2386; x_wconf 88' lang='lat' dir='ltr'>Caelius,</span> <span class='ocrx_word' id='word_1_151' title='bbox 596 2313 753 2389; x_wconf 82' lang='lat' dir='ltr'>instigatus</span> <span class='ocrx_word' id='word_1_152' title='bbox 779 2313 855 2374; x_wconf 90' lang='lat' dir='ltr'>bunc</span> <span class='ocrx_word' id='word_1_153' title='bbox 882 2311 919 2374; x_wconf 88' lang='lat' dir='ltr'>de</span> <span class='ocrx_word' id='word_1_154' title='bbox 941 2314 973 2376; x_wconf 83' lang='lat' dir='ltr'>ui</span> <span class='ocrx_word' id='word_1_155' title='bbox 1000 2311 1161 2393; x_wconf 81' lang='lat' dir='ltr'>postulauit</span> <span class='ocrx_word' id='word_1_156' title='bbox 1182 2313 1302 2374; x_wconf 88' lang='lat' dir='ltr'>admisto</span> 
     </span>
     <span class='ocr_line' id='line_1_20' title="bbox 257 2412 1302 2491; baseline -0.004 -14"><span class='ocrx_word' id='word_1_157' title='bbox 257 2415 391 2487; x_wconf 82' lang='lat' dir='ltr'>ueneficii</span> <span class='ocrx_word' id='word_1_158' title='bbox 410 2413 513 2474; x_wconf 89' lang='lat' dir='ltr'>tentati</span> <span class='ocrx_word' id='word_1_159' title='bbox 534 2412 666 2486; x_wconf 91' lang='lat' dir='ltr'>crimine,</span> <span class='ocrx_word' id='word_1_160' title='bbox 690 2429 835 2491; x_wconf 84' lang='lat' dir='ltr'>quaeres</span> <span class='ocrx_word' id='word_1_161' title='bbox 859 2419 887 2474; x_wconf 92' lang='lat' dir='ltr'>et</span> <span class='ocrx_word' id='word_1_162' title='bbox 908 2431 946 2474; x_wconf 83' lang='lat' dir='ltr'>ex</span> <span class='ocrx_word' id='word_1_163' title='bbox 962 2413 1113 2475; x_wconf 81' lang='lat' dir='ltr'>Ciceronis</span> <span class='ocrx_word' id='word_1_164' title='bbox 1136 2413 1302 2476; x_wconf 84' lang='lat' dir='ltr'>defensione</span> 
     </span>
     <span class='ocr_line' id='line_1_21' title="bbox 181 2512 1339 2614; baseline 0 -38"><span class='ocrx_word' id='word_1_165' title='bbox 181 2527 192 2539; x_wconf 83' lang='lat'>·</span> <span class='ocrx_word' id='word_1_166' title='bbox 259 2521 397 2576; x_wconf 90' lang='lat' dir='ltr'>accurate</span> <span class='ocrx_word' id='word_1_167' title='bbox 418 2513 509 2574; x_wconf 88' lang='lat' dir='ltr'>scitur</span> <span class='ocrx_word' id='word_1_168' title='bbox 529 2519 558 2573; x_wconf 90' lang='lat' dir='ltr'>et</span> <span class='ocrx_word' id='word_1_169' title='bbox 577 2519 716 2574; x_wconf 89' lang='lat' dir='ltr'>accurato</span> <span class='ocrx_word' id='word_1_170' title='bbox 735 2512 908 2588; x_wconf 79' lang='lat' dir='ltr'>Quintiliani</span> <span class='ocrx_word' id='word_1_171' title='bbox 923 2515 1089 2576; x_wconf 87' lang='lat' dir='ltr'>testimonio</span> <span class='ocrx_word' id='word_1_172' title='bbox 1109 2513 1301 2576; x_wconf 87' lang='lat' dir='ltr'>confirmatur.</span> <span class='ocrx_word' id='word_1_173' title='bbox 1338 2531 1339 2614; x_wconf 65' lang='lat' dir='ltr'>p</span> 
     </span>
     <span class='ocr_line' id='line_1_22' title="bbox 256 2613 1339 2694; baseline -0.006 -16"><span class='ocrx_word' id='word_1_174' title='bbox 256 2617 343 2678; x_wconf 88' lang='lat' dir='ltr'>Duae</span> <span class='ocrx_word' id='word_1_175' title='bbox 371 2615 446 2677; x_wconf 89' lang='lat' dir='ltr'>enim</span> <span class='ocrx_word' id='word_1_176' title='bbox 472 2613 638 2694; x_wconf 86' lang='lat' dir='ltr'>particulae</span> <span class='ocrx_word' id='word_1_177' title='bbox 668 2615 811 2676; x_wconf 89' lang='lat' dir='ltr'>orationis</span> <span class='ocrx_word' id='word_1_178' title='bbox 835 2633 854 2674; x_wconf 92' lang='lat' dir='ltr'>a</span> <span class='ocrx_word' id='word_1_179' title='bbox 875 2613 1057 2689; x_wconf 78' lang='lat' dir='ltr'>Quintiliano</span> <span class='ocrx_word' id='word_1_180' title='bbox 1078 2621 1210 2676; x_wconf 89' lang='lat' dir='ltr'>retentae</span> <span class='ocrx_word' id='word_1_181' title='bbox 1231 2621 1303 2688; x_wconf 90' lang='lat' dir='ltr'>sunt,</span> <span class='ocrx_word' id='word_1_182' title='bbox 1338 2615 1339 2672; x_wconf 89' lang='lat' dir='ltr'>l</span> 
     </span>
     <span class='ocr_line' id='line_1_23' title="bbox 258 2707 1303 2797; baseline -0.001 -21"><span class='ocrx_word' id='word_1_183' title='bbox 258 2735 317 2797; x_wconf 86' lang='lat' dir='ltr'>qua</span> <span class='ocrx_word' id='word_1_184' title='bbox 348 2715 467 2780; x_wconf 88' lang='lat' dir='ltr'>Caelius</span> <span class='ocrx_word' id='word_1_185' title='bbox 499 2715 630 2794; x_wconf 79' lang='lat' dir='ltr'>quamuis</span> <span class='ocrx_word' id='word_1_186' title='bbox 657 2713 828 2795; x_wconf 83' lang='lat' dir='ltr'>Ciceronem</span> <span class='ocrx_word' id='word_1_187' title='bbox 860 2707 1015 2795; x_wconf 82' lang='lat' dir='ltr'>patronum</span> <span class='ocrx_word' id='word_1_188' title='bbox 1046 2715 1157 2777; x_wconf 88' lang='lat' dir='ltr'>babens</span> <span class='ocrx_word' id='word_1_189' title='bbox 1189 2734 1245 2796; x_wconf 93' lang='lat' dir='ltr'>pro</span> <span class='ocrx_word' id='word_1_190' title='bbox 1274 2732 1303 2776; x_wconf 88' lang='lat' dir='ltr'>se</span> 
     </span>
     <span class='ocr_line' id='line_1_24' title="bbox 256 2809 1339 2920; baseline -0.002 -42"><span class='ocrx_word' id='word_1_191' title='bbox 256 2818 322 2898; x_wconf 88' lang='lat' dir='ltr'>ipse</span> <span class='ocrx_word' id='word_1_192' title='bbox 350 2835 420 2879; x_wconf 86' lang='lat' dir='ltr'>usus</span> <span class='ocrx_word' id='word_1_193' title='bbox 449 2823 493 2878; x_wconf 89' lang='lat' dir='ltr'>est</span> <span class='ocrx_word' id='word_1_194' title='bbox 510 2809 575 2894; x_wconf 87' lang='grc'>(33).</span> <span class='ocrx_word' id='word_1_195' title='bbox 619 2816 694 2878; x_wconf 89' lang='lat' dir='ltr'>Acta</span> <span class='ocrx_word' id='word_1_196' title='bbox 725 2833 762 2877; x_wconf 91' lang='lat' dir='ltr'>ea</span> <span class='ocrx_word' id='word_1_197' title='bbox 783 2833 874 2877; x_wconf 88' lang='lat' dir='ltr'>causa</span> <span class='ocrx_word' id='word_1_198' title='bbox 896 2821 939 2880; x_wconf 86' lang='lat' dir='ltr'>est</span> <span class='ocrx_word' id='word_1_199' title='bbox 961 2815 1039 2896; x_wconf 92' lang='lat' dir='ltr'>apud</span> <span class='ocrx_word' id='word_1_200' title='bbox 1059 2823 1227 2896; x_wconf 81' lang='lat' dir='ltr'>praetorem</span> <span class='ocrx_word' id='word_1_201' title='bbox 1252 2814 1303 2878; x_wconf 90' lang='lat' dir='ltr'>Cn.</span> <span class='ocrx_word' id='word_1_202' title='bbox 1338 2831 1339 2920; x_wconf 65' lang='lat' dir='ltr'>p</span> 
     </span>
     <span class='ocr_line' id='line_1_25' title="bbox 255 2911 1339 3002; baseline -0.002 -24"><span class='ocrx_word' id='word_1_203' title='bbox 255 2915 414 2992; x_wconf 82' lang='lat' dir='ltr'>Domitium</span> <span class='ocrx_word' id='word_1_204' title='bbox 437 2915 590 2980; x_wconf 79' lang='lat' dir='ltr'>Caluinum</span> <span class='ocrx_word' id='word_1_205' title='bbox 617 2935 644 2978; x_wconf 92' lang='lat' dir='ltr'>a.</span> <span class='ocrx_word' id='word_1_206' title='bbox 667 2919 730 2978; x_wconf 83' lang='grc'>698</span> <span class='ocrx_word' id='word_1_207' title='bbox 747 2911 812 2994; x_wconf 73' lang='grc'>(33).</span> <span class='ocrx_word' id='word_1_208' title='bbox 854 2915 900 2977; x_wconf 88' lang='lat' dir='ltr'>De</span> <span class='ocrx_word' id='word_1_209' title='bbox 925 2917 1015 2978; x_wconf 86' lang='lat' dir='ltr'>tertia</span> <span class='ocrx_word' id='word_1_210' title='bbox 1039 2918 1227 2978; x_wconf 88' lang='lat' dir='ltr'>accusatione</span> <span class='ocrx_word' id='word_1_211' title='bbox 1247 2934 1304 2977; x_wconf 93' lang='lat' dir='ltr'>nou</span> <span class='ocrx_word' id='word_1_212' title='bbox 1338 2925 1339 3002; x_wconf 71' lang='lat' dir='ltr'>t</span> 
     </span>
     <span class='ocr_line' id='line_1_26' title="bbox 255 3015 1304 3097; baseline 0 -19"><span class='ocrx_word' id='word_1_213' title='bbox 255 3019 328 3079; x_wconf 84' lang='lat' dir='ltr'>satis</span> <span class='ocrx_word' id='word_1_214' title='bbox 350 3025 430 3080; x_wconf 89' lang='lat' dir='ltr'>certo</span> <span class='ocrx_word' id='word_1_215' title='bbox 453 3025 575 3079; x_wconf 81' lang='lat' dir='ltr'>constat.</span> <span class='ocrx_word' id='word_1_216' title='bbox 607 3016 729 3096; x_wconf 83' lang='lat' dir='ltr'>Plurimi</span> <span class='ocrx_word' id='word_1_217' title='bbox 753 3015 868 3097; x_wconf 83' lang='lat' dir='ltr'>quidem</span> <span class='ocrx_word' id='word_1_218' title='bbox 884 3016 972 3080; x_wconf 89' lang='lat' dir='ltr'>Pauli</span> <span class='ocrx_word' id='word_1_219' title='bbox 988 3017 1119 3080; x_wconf 90' lang='lat' dir='ltr'>Manutii</span> <span class='ocrx_word' id='word_1_220' title='bbox 1135 3017 1304 3078; x_wconf 88' lang='lat' dir='ltr'>sententiam</span> 
     </span>
     <span class='ocr_line' id='line_1_27' title="bbox 256 3116 1339 3197; baseline -0.002 -17"><span class='ocrx_word' id='word_1_221' title='bbox 256 3119 349 3180; x_wconf 88' lang='lat' dir='ltr'>secuti</span> <span class='ocrx_word' id='word_1_222' title='bbox 372 3125 438 3180; x_wconf 89' lang='lat' dir='ltr'>sunt</span> <span class='ocrx_word' id='word_1_223' title='bbox 456 3117 493 3180; x_wconf 90' lang='lat' dir='ltr'>D.</span> <span class='ocrx_word' id='word_1_224' title='bbox 515 3116 660 3197; x_wconf 87' lang='lat' dir='ltr'>quendam</span> <span class='ocrx_word' id='word_1_225' title='bbox 680 3117 816 3178; x_wconf 89' lang='lat' dir='ltr'>Laelium</span> <span class='ocrx_word' id='word_1_226' title='bbox 837 3135 857 3177; x_wconf 91' lang='lat' dir='ltr'>a</span> <span class='ocrx_word' id='word_1_227' title='bbox 879 3116 982 3179; x_wconf 91' lang='lat' dir='ltr'>Caelio</span> <span class='ocrx_word' id='word_1_228' title='bbox 1003 3118 1197 3197; x_wconf 85' lang='lat' dir='ltr'>postulatum,</span> <span class='ocrx_word' id='word_1_229' title='bbox 1225 3119 1304 3180; x_wconf 80' lang='lat' dir='ltr'>cuim</span> <span class='ocrx_word' id='word_1_230' title='bbox 1338 3163 1339 3194; x_wconf 58' lang='lat'>,</span> 
     </span>
     <span class='ocr_line' id='line_1_28' title="bbox 255 3215 1302 3298; baseline -0.001 -17"><span class='ocrx_word' id='word_1_231' title='bbox 255 3235 361 3281; x_wconf 87' lang='lat' dir='ltr'>nomeu</span> <span class='ocrx_word' id='word_1_232' title='bbox 379 3219 410 3278; x_wconf 91' lang='lat' dir='ltr'>iu</span> <span class='ocrx_word' id='word_1_233' title='bbox 420 3219 551 3278; x_wconf 88' lang='lat' dir='ltr'>incertae</span> <span class='ocrx_word' id='word_1_234' title='bbox 563 3215 714 3280; x_wconf 87' lang='lat' dir='ltr'>cuiusdam</span> <span class='ocrx_word' id='word_1_235' title='bbox 726 3217 868 3278; x_wconf 87' lang='lat' dir='ltr'>orationis</span> <span class='ocrx_word' id='word_1_236' title='bbox 881 3216 1043 3280; x_wconf 86' lang='lat' dir='ltr'>Caelianac</span> <span class='ocrx_word' id='word_1_237' title='bbox 1052 3219 1121 3281; x_wconf 93' lang='lat' dir='ltr'>loco</span> <span class='ocrx_word' id='word_1_238' title='bbox 1134 3226 1231 3280; x_wconf 84' lang='lat' dir='ltr'>exstat</span> <span class='ocrx_word' id='word_1_239' title='bbox 1242 3215 1302 3298; x_wconf 80' lang='grc'>(33).</span> 
     </span>
     <span class='ocr_line' id='line_1_29' title="bbox 254 3313 1304 3398; baseline 0.001 -19"><span class='ocrx_word' id='word_1_240' title='bbox 254 3317 419 3380; x_wconf 87' lang='lat' dir='ltr'>Dissentira</span> <span class='ocrx_word' id='word_1_241' title='bbox 441 3325 470 3378; x_wconf 90' lang='lat' dir='ltr'>et</span> <span class='ocrx_word' id='word_1_242' title='bbox 493 3335 575 3378; x_wconf 89' lang='lat' dir='ltr'>suam</span> <span class='ocrx_word' id='word_1_243' title='bbox 597 3313 931 3395; x_wconf 85' lang='lat' dir='ltr'>quandamsententiam</span> <span class='ocrx_word' id='word_1_244' title='bbox 947 3335 1059 3398; x_wconf 89' lang='lat' dir='ltr'>ponere</span> <span class='ocrx_word' id='word_1_245' title='bbox 1073 3319 1188 3382; x_wconf 81' lang='lat' dir='ltr'>ridetur</span> <span class='ocrx_word' id='word_1_246' title='bbox 1204 3319 1304 3382; x_wconf 89' lang='lat' dir='ltr'>Ruhn·</span> 
     </span>
     <span class='ocr_line' id='line_1_30' title="bbox 255 3415 1304 3483; baseline 0.002 -5"><span class='ocrx_word' id='word_1_247' title='bbox 255 3418 358 3479; x_wconf 81' lang='lat' dir='ltr'>lenius</span> <span class='ocrx_word' id='word_1_248' title='bbox 392 3416 430 3478; x_wconf 92' lang='lat' dir='ltr'>ad</span> <span class='ocrx_word' id='word_1_249' title='bbox 463 3417 540 3482; x_wconf 89' lang='lat' dir='ltr'>Vell.</span> <span class='ocrx_word' id='word_1_250' title='bbox 567 3415 604 3479; x_wconf 91' lang='lat' dir='ltr'>ll.</span> <span class='ocrx_word' id='word_1_251' title='bbox 632 3417 683 3480; x_wconf 82' lang='grc'>68.</span> <span class='ocrx_word' id='word_1_252' title='bbox 730 3417 857 3479; x_wconf 90' lang='lat' dir='ltr'>Nomina</span> <span class='ocrx_word' id='word_1_253' title='bbox 889 3418 964 3480; x_wconf 91' lang='lat' dir='ltr'>euim</span> <span class='ocrx_word' id='word_1_254' title='bbox 997 3417 1095 3482; x_wconf 89' lang='lat' dir='ltr'>Caelii</span> <span class='ocrx_word' id='word_1_255' title='bbox 1126 3428 1156 3483; x_wconf 89' lang='lat' dir='ltr'>et</span> <span class='ocrx_word' id='word_1_256' title='bbox 1182 3420 1304 3483; x_wconf 83' lang='lat' dir='ltr'>Caecilii</span> 
     </span>
     <span class='ocr_line' id='line_1_31' title="bbox 255 3517 1339 3600; baseline 0 -20"><span class='ocrx_word' id='word_1_257' title='bbox 255 3535 346 3600; x_wconf 90' lang='lat' dir='ltr'>saepe</span> <span class='ocrx_word' id='word_1_258' title='bbox 367 3518 504 3580; x_wconf 87' lang='lat' dir='ltr'>inlibris</span> <span class='ocrx_word' id='word_1_259' title='bbox 528 3517 857 3600; x_wconf 83' lang='lat' dir='ltr'>couiuudiostensnrus</span> <span class='ocrx_word' id='word_1_260' title='bbox 882 3527 1001 3600; x_wconf 89' lang='lat' dir='ltr'>praeter</span> <span class='ocrx_word' id='word_1_261' title='bbox 1018 3519 1095 3582; x_wconf 91' lang='lat' dir='ltr'>alios</span> <span class='ocrx_word' id='word_1_262' title='bbox 1114 3523 1201 3583; x_wconf 86' lang='lat' dir='ltr'>etiam</span> <span class='ocrx_word' id='word_1_263' title='bbox 1216 3521 1304 3586; x_wconf 92' lang='lat' dir='ltr'>Plinii</span> <span class='ocrx_word' id='word_1_264' title='bbox 1338 3523 1339 3530; x_wconf 78' lang='grc'>’</span> 
     </span>
    </p>
   </div>
   <div class='ocr_carea' id='block_1_3' title="bbox 254 3729 1339 4316">
    <p class='ocr_par' dir='ltr' id='par_1_3' title="bbox 254 3729 1339 4316">
     <span class='ocr_line' id='line_1_32' title="bbox 324 3729 1302 3807; baseline 0.005 -26"><span class='ocrx_word' id='word_1_265' title='bbox 324 3729 370 3796; x_wconf 80' lang='grc'>31)</span> <span class='ocrx_word' id='word_1_266' title='bbox 388 3731 451 3784; x_wconf 82' lang='lat' dir='ltr'>Vol.</span> <span class='ocrx_word' id='word_1_267' title='bbox 464 3729 543 3788; x_wconf 83' lang='lat' dir='ltr'>Max.</span> <span class='ocrx_word' id='word_1_268' title='bbox 556 3731 601 3788; x_wconf 80' lang='lat' dir='ltr'>lv,</span> <span class='ocrx_word' id='word_1_269' title='bbox 613 3735 646 3801; x_wconf 80' lang='grc'>1,</span> <span class='ocrx_word' id='word_1_270' title='bbox 660 3734 686 3790; x_wconf 89' lang='grc'>6.</span> <span class='ocrx_word' id='word_1_271' title='bbox 722 3733 824 3788; x_wconf 83' lang='lat' dir='ltr'>luluria</span> <span class='ocrx_word' id='word_1_272' title='bbox 836 3732 992 3790; x_wconf 85' lang='lat' dir='ltr'>Caratouus</span> <span class='ocrx_word' id='word_1_273' title='bbox 1011 3735 1047 3788; x_wconf 89' lang='lat' dir='ltr'>ad</span> <span class='ocrx_word' id='word_1_274' title='bbox 1061 3735 1116 3790; x_wconf 87' lang='lat' dir='ltr'>Cic.</span> <span class='ocrx_word' id='word_1_275' title='bbox 1128 3754 1157 3807; x_wconf 90' lang='lat' dir='ltr'>p.</span> <span class='ocrx_word' id='word_1_276' title='bbox 1172 3736 1252 3790; x_wconf 86' lang='lat' dir='ltr'>Sulla</span> <span class='ocrx_word' id='word_1_277' title='bbox 1263 3733 1302 3788; x_wconf 89' lang='grc'>33.</span> 
     </span>
     <span class='ocr_line' id='line_1_33' title="bbox 256 3813 1339 3888; baseline 0.004 -20"><span class='ocrx_word' id='word_1_278' title='bbox 256 3813 379 3868; x_wconf 87' lang='lat' dir='ltr'>Caelium</span> <span class='ocrx_word' id='word_1_279' title='bbox 390 3815 600 3888; x_wconf 88' lang='lat' dir='ltr'>subscriptorem</span> <span class='ocrx_word' id='word_1_280' title='bbox 609 3819 716 3875; x_wconf 88' lang='lat' dir='ltr'>Caninii</span> <span class='ocrx_word' id='word_1_281' title='bbox 726 3825 816 3873; x_wconf 88' lang='lat' dir='ltr'>vocat.</span> <span class='ocrx_word' id='word_1_282' title='bbox 891 3820 937 3887; x_wconf 87' lang='grc'>33)</span> <span class='ocrx_word' id='word_1_283' title='bbox 951 3819 1044 3876; x_wconf 86' lang='lat' dir='ltr'>Garat.</span> <span class='ocrx_word' id='word_1_284' title='bbox 1055 3822 1074 3874; x_wconf 92' lang='lat' dir='ltr'>l.</span> <span class='ocrx_word' id='word_1_285' title='bbox 1084 3839 1107 3876; x_wconf 89' lang='lat' dir='ltr'>c.</span> <span class='ocrx_word' id='word_1_286' title='bbox 1186 3821 1233 3888; x_wconf 91' lang='grc'>34)</span> <span class='ocrx_word' id='word_1_287' title='bbox 1249 3820 1301 3875; x_wconf 86' lang='lat' dir='ltr'>Cic.</span> <span class='ocrx_word' id='word_1_288' title='bbox 1338 3845 1339 3850; x_wconf 16' lang='grc' dir='ltr'><strong>κ</strong></span> 
     </span>
     <span class='ocr_line' id='line_1_34' title="bbox 255 3898 1301 3974; baseline 0.007 -23"><span class='ocrx_word' id='word_1_289' title='bbox 255 3899 283 3952; x_wconf 88' lang='lat' dir='ltr'>im</span> <span class='ocrx_word' id='word_1_290' title='bbox 295 3898 357 3954; x_wconf 85' lang='lat' dir='ltr'>Vat.</span> <span class='ocrx_word' id='word_1_291' title='bbox 371 3901 389 3955; x_wconf 91' lang='lat' dir='ltr'>l.</span> <span class='ocrx_word' id='word_1_292' title='bbox 402 3919 425 3956; x_wconf 93' lang='lat' dir='ltr'>c.</span> <span class='ocrx_word' id='word_1_293' title='bbox 513 3905 630 3972; x_wconf 64' lang='lat' dir='ltr'>abac.</span> <span class='ocrx_word' id='word_1_294' title='bbox 641 3902 688 3956; x_wconf 88' lang='lat' dir='ltr'>lV.</span> <span class='ocrx_word' id='word_1_295' title='bbox 700 3903 732 3969; x_wconf 78' lang='grc'>1,</span> <span class='ocrx_word' id='word_1_296' title='bbox 746 3902 804 3959; x_wconf 79' lang='lat'>123.</span> <span class='ocrx_word' id='word_1_297' title='bbox 817 3901 872 3960; x_wconf 84' lang='lat' dir='ltr'>lX.</span> <span class='ocrx_word' id='word_1_298' title='bbox 885 3903 918 3970; x_wconf 83' lang='lat'>3,</span> <span class='ocrx_word' id='word_1_299' title='bbox 932 3905 973 3959; x_wconf 82' lang='lat'>58.</span> <span class='ocrx_word' id='word_1_300' title='bbox 1063 3905 1108 3974; x_wconf 88' lang='grc'>36)</span> <span class='ocrx_word' id='word_1_301' title='bbox 1128 3905 1245 3964; x_wconf 72' lang='lat' dir='ltr'>Quium.</span> <span class='ocrx_word' id='word_1_302' title='bbox 1255 3902 1301 3958; x_wconf 85' lang='lat' dir='ltr'>Xl.</span> 
     </span>
     <span class='ocr_line' id='line_1_35' title="bbox 257 3983 1302 4058; baseline 0.006 -23"><span class='ocrx_word' id='word_1_303' title='bbox 257 3983 285 4049; x_wconf 95' lang='lat' dir='ltr'>l,</span> <span class='ocrx_word' id='word_1_304' title='bbox 302 3983 344 4038; x_wconf 81' lang='grc'>51.</span> <span class='ocrx_word' id='word_1_305' title='bbox 370 3984 443 4042; x_wconf 87' lang='lat' dir='ltr'>Vlll.</span> <span class='ocrx_word' id='word_1_306' title='bbox 457 3987 490 4054; x_wconf 89' lang='grc'>6,</span> <span class='ocrx_word' id='word_1_307' title='bbox 503 3989 545 4043; x_wconf 82' lang='grc'>53.</span> <span class='ocrx_word' id='word_1_308' title='bbox 563 4005 591 4042; x_wconf 88' lang='lat' dir='ltr'>v.</span> <span class='ocrx_word' id='word_1_309' title='bbox 607 3987 748 4058; x_wconf 84' lang='lat' dir='ltr'>Spalding.</span> <span class='ocrx_word' id='word_1_310' title='bbox 765 4037 768 4042; x_wconf 84' lang='lat'>.</span> <span class='ocrx_word' id='word_1_311' title='bbox 821 3988 881 4056; x_wconf 87' lang='grc'>’37)</span> <span class='ocrx_word' id='word_1_312' title='bbox 899 3989 1043 4044; x_wconf 86' lang='lat' dir='ltr'>Drumann</span> <span class='ocrx_word' id='word_1_313' title='bbox 1060 3989 1129 4045; x_wconf 84' lang='lat' dir='ltr'>Ilist.</span> <span class='ocrx_word' id='word_1_314' title='bbox 1143 3989 1178 4044; x_wconf 88' lang='lat' dir='ltr'>R.</span> <span class='ocrx_word' id='word_1_315' title='bbox 1196 3989 1231 4045; x_wconf 91' lang='lat' dir='ltr'>ll.</span> <span class='ocrx_word' id='word_1_316' title='bbox 1246 3989 1302 4042; x_wconf 88' lang='grc'>413.</span> 
     </span>
     <span class='ocr_line' id='line_1_36' title="bbox 254 4067 1339 4146; baseline 0.005 -25"><span class='ocrx_word' id='word_1_317' title='bbox 254 4067 301 4136; x_wconf 82' lang='grc'>38)</span> <span class='ocrx_word' id='word_1_318' title='bbox 327 4069 407 4140; x_wconf 90' lang='lat' dir='ltr'>Apud</span> <span class='ocrx_word' id='word_1_319' title='bbox 424 4071 537 4129; x_wconf 75' lang='lat' dir='ltr'>Quintil.</span> <span class='ocrx_word' id='word_1_320' title='bbox 555 4069 602 4124; x_wconf 75' lang='lat' dir='ltr'>Vl.</span> <span class='ocrx_word' id='word_1_321' title='bbox 621 4071 653 4136; x_wconf 89' lang='grc'>3,</span> <span class='ocrx_word' id='word_1_322' title='bbox 670 4071 712 4126; x_wconf 84' lang='grc'>39.</span> <span class='ocrx_word' id='word_1_323' title='bbox 740 4072 772 4127; x_wconf 88' lang='lat' dir='ltr'>cf.</span> <span class='ocrx_word' id='word_1_324' title='bbox 789 4073 832 4128; x_wconf 90' lang='grc'>41.</span> <span class='ocrx_word' id='word_1_325' title='bbox 867 4072 929 4128; x_wconf 90' lang='lat' dir='ltr'>Nec</span> <span class='ocrx_word' id='word_1_326' title='bbox 953 4091 1021 4128; x_wconf 86' lang='lat' dir='ltr'>saue</span> <span class='ocrx_word' id='word_1_327' title='bbox 1046 4091 1217 4146; x_wconf 83' lang='lat' dir='ltr'>magnopere</span> <span class='ocrx_word' id='word_1_328' title='bbox 1242 4089 1303 4127; x_wconf 89' lang='lat' dir='ltr'>eon·</span> <span class='ocrx_word' id='word_1_329' title='bbox 1338 4077 1339 4080; x_wconf 75' lang='grc'>’</span> 
     </span>
     <span class='ocr_line' id='line_1_37' title="bbox 254 4152 1303 4225; baseline 0.004 -21"><span class='ocrx_word' id='word_1_330' title='bbox 254 4152 388 4206; x_wconf 74' lang='lat' dir='ltr'>teuderius</span> <span class='ocrx_word' id='word_1_331' title='bbox 403 4171 464 4207; x_wconf 85' lang='lat' dir='ltr'>cum</span> <span class='ocrx_word' id='word_1_332' title='bbox 476 4155 639 4225; x_wconf 85' lang='lat' dir='ltr'>Spaldingio</span> <span class='ocrx_word' id='word_1_333' title='bbox 657 4164 746 4210; x_wconf 90' lang='lat' dir='ltr'>utrum</span> <span class='ocrx_word' id='word_1_334' title='bbox 757 4157 795 4211; x_wconf 90' lang='lat' dir='ltr'>D.</span> <span class='ocrx_word' id='word_1_335' title='bbox 811 4175 846 4212; x_wconf 87' lang='lat' dir='ltr'>an</span> <span class='ocrx_word' id='word_1_336' title='bbox 861 4155 896 4212; x_wconf 86' lang='lat' dir='ltr'>L.</span> <span class='ocrx_word' id='word_1_337' title='bbox 907 4155 1037 4214; x_wconf 76' lang='lat' dir='ltr'>Laelios</span> <span class='ocrx_word' id='word_1_338' title='bbox 1047 4160 1149 4214; x_wconf 87' lang='lat' dir='ltr'>rectius</span> <span class='ocrx_word' id='word_1_339' title='bbox 1161 4159 1303 4218; x_wconf 82' lang='lat' dir='ltr'>scribatur,</span> 
     </span>
     <span class='ocr_line' id='line_1_38' title="bbox 255 4234 1339 4316; baseline 0.006 -26"><span class='ocrx_word' id='word_1_340' title='bbox 255 4234 317 4292; x_wconf 89' lang='lat' dir='ltr'>dum</span> <span class='ocrx_word' id='word_1_341' title='bbox 334 4245 475 4294; x_wconf 84' lang='lat' dir='ltr'>constaret</span> <span class='ocrx_word' id='word_1_342' title='bbox 488 4256 524 4296; x_wconf 87' lang='lat' dir='ltr'>eo</span> <span class='ocrx_word' id='word_1_343' title='bbox 538 4239 649 4300; x_wconf 85' lang='lat' dir='ltr'>nomlue</span> <span class='ocrx_word' id='word_1_344' title='bbox 665 4241 802 4312; x_wconf 87' lang='lat' dir='ltr'>bominem</span> <span class='ocrx_word' id='word_1_345' title='bbox 820 4243 855 4302; x_wconf 88' lang='lat' dir='ltr'>ab</span> <span class='ocrx_word' id='word_1_346' title='bbox 869 4243 926 4302; x_wconf 88' lang='lat' dir='ltr'>ullo</span> <span class='ocrx_word' id='word_1_347' title='bbox 943 4244 1103 4316; x_wconf 83' lang='lat' dir='ltr'>aequalium</span> <span class='ocrx_word' id='word_1_348' title='bbox 1114 4259 1193 4299; x_wconf 84' lang='lat' dir='ltr'>reum</span> <span class='ocrx_word' id='word_1_349' title='bbox 1207 4249 1301 4297; x_wconf 86' lang='lat' dir='ltr'>actum.</span> <span class='ocrx_word' id='word_1_350' title='bbox 1322 4293 1339 4316; x_wconf 8' lang='grc' dir='ltr'>,ἵ</span> 
     </span>
    </p>
   </div>
   <div class='ocr_carea' id='block_1_4' title="bbox 0 0 1350 4774">
    <p class='ocr_par' dir='ltr' id='par_1_4' title="bbox 0 0 1350 4774">
     <span class='ocr_line' id='line_1_39' title="bbox 0 0 1350 4774; baseline 0 0"><span class='ocrx_word' id='word_1_351' title='bbox 0 0 1350 4774; x_wconf 95' lang='lat' dir='ltr'> </span> 
     </span>
    </p>
   </div>
  </div>
 </body>
</html>
