2660 4776
214 403 361 472 llllllVlS
384 405 682 489 ELOQUENTIAE
704 406 807 477 ROM.
829 409 938 480 tttsT.
1041 417 1103 490 ΘΙ

27 587 28 590 ’
75 580 257 642 inoratorum
283 594 433 642 numerum
453 580 533 644 uenit
546 575 609 660 (⁴⁸).
651 580 726 644 llirc
751 583 916 646 orationum
937 585 1000 648 eiua
1026 603 1102 669 pau·

74 697 160 740 carum
183 679 300 742 uomina
326 688 354 742 et
382 689 483 762 partes
498 688 645 772 ‚normae
672 689 739 744 sunt
765 701 784 746 a
812 685 1015 767 scriptoribus.
1064 691 1102 750 la

75 783 194 840 utamur
216 797 272 861 pro
290 780 356 844 Ser.
371 781 484 846 Naeuio
507 782 605 846 dicens
627 790 731 846 comma
748 782 864 848 (lottam
885 793 914 848 et
929 784 1101 852 Gioerouem

72 888 175 960 repente
199 881 306 944 oblitus
328 889 373 945 est
394 901 471 964 qnae
490 883 621 948 licturus
644 890 709 948 erat
726 879 794 964 (⁴⁴);
820 885 871 948 eliu
889 894 957 950 ante
974 887 1100 962 frotm

73 983 203 1040 mmmm
233 999 352 1044 causam
383 992 487 1048 oenus
514 985 559 1048 M.
586 985 742 1050 Antonium
773 987 834 1066 egit
852 981 919 1067 (⁴⁵);
951 989 1099 1050 Marullum

70 1084 188 1158 Nepotem
203 1081 356 1146 Balearici
376 1083 466 1148 ilium
488 1103 549 1148 cos.
570 1103 598 1148 a.
618 1085 681 1150 656
702 1089 852 1152 remoavit
872 1097 913 1164 et,
935 1105 1001 1152 oum
1016 1087 1098 1152 illius

69 1178 131 1242 ilius
151 1181 252 1245 eodem
277 1187 451 1264 cognomine
471 1187 623 1268 praeditus
644 1187 734 1250 simili
753 1187 784 1250 iu
803 1186 960 1252 Curionem
981 1189 1098 1254 acione

67 1282 189 1344 intentata
205 1291 321 1366 putrem
337 1285 451 1350 ulturus
469 1296 563 1364 esset,
578 1289 632 1352 ille
647 1279 921 1373 ἀντικατηγορῶν
937 1289 1096 1355 minitando

66 1383 209 1461 perieulum
239 1383 327 1448 elusit
348 1381 410 1466 (⁴⁶).
454 1388 629 1470 Quanquam
662 1389 767 1454 berum
797 1390 945 1456 actionum
977 1399 1096 1474 praeter

66 1500 153 1546 nonen
171 1485 247 1548 nibil
268 1486 403 1552 relictum
423 1497 476 1554 est.

520 1653 547 1737 a.
570 1659 620 1720 oo.

300 1767 393 1824 Ceteri
411 1776 536 1826 oratores
555 1770 676 1842 priorum
697 1771 835 1842 aequales.

129 1889 322 1970 Reliquorum
350 1900 470 1972 praeter
498 1893 583 1970 illos,
615 1894 651 1957 ule
680 1895 785 1975 quibus
812 1893 1007 1968 absolvimus,
1039 1893 1093 1956 alii

60 1990 139 2068 nugis
154 1991 343 2072 popularium
359 1999 473 2074 partes,
489 1994 543 2058 alii
558 1995 739 2075 opbmatium
755 1995 848 2056 secuti
864 2001 939 2058 suut.
969 1993 1092 2058 lllorum

59 2093 257 2154 uetustissimus
278 2099 325 2155 est
347 2094 792 2164 concurrereconcurrere,
822 2094 873 2174 qui
898 2100 977 2156 uerte
997 2093 1092 2156 tribu·

58 2207 101 2250 nos
120 2210 146 2254 a.
167 2192 231 2256 651
255 2210 307 2256 eus
328 2201 429 2275 partes
455 2194 607 2276 amplexus
629 2201 687 2269 est,
712 2209 777 2258 oum
799 2199 927 2256 ueterem
947 2201 1091 2275 cooptan-

57 2288 145 2352 olornm
164 2294 351 2358 sacerdotum
368 2313 479 2359 morem
499 2296 568 2375 lege
588 2295 752 2372 sustulerit,
773 2313 833 2375 qua
850 2294 985 2376 cooptari
1005 2294 1091 2358 iube·

55 2390 131 2454 batur
162 2412 249 2474 quem
282 2397 375 2458 tribus
412 2405 523 2478 septem
556 2405 586 2459 et
615 2396 717 2460 decem
748 2394 944 2460 sacerdotium
979 2395 1091 2460 babere

55 2491 212 2558 uoluissent.
244 2496 273 2558 ls
292 2505 361 2576 post
381 2499 563 2562 consulatum
585 2497 825 2564 bonacursio
846 2504 961 2576 gestum
982 2497 1090 2560 a.658

20 2583 22 2598 '
53 2590 167 2656 ridicule
189 2595 395 2676 triumphantis
422 2600 522 2678 specie
541 2607 641 2661 seems
669 2606 714 2660 est
736 2617 791 2679 per
812 2598 995 2678 proriuoiam
1016 2595 1089 2660 Gal·

20 2677 22 2690 ’
52 2690 111 2754 liam
124 2692 194 2774 (⁴²);
225 2714 350 2760 censura
375 2699 437 2762 eius
465 2699 579 2762 discors
609 2716 674 2760 cum
698 2698 808 2762 Grasso
834 2705 906 2760 uota
926 2704 980 2760 est.
1022 2697 1089 2762 Non

51 2791 97 2855 luit
113 2797 168 2858 ille
192 2796 310 2877 quidem
336 2799 368 2860 in
388 2806 540 2862 orammm
560 2815 696 2872 numero,
722 2797 776 2858 secl
801 2798 874 2860 satis
896 2799 924 2860 ei
944 2798 1088 2860 orationis

52 2901 127 2976 utque
163 2899 279 2976 ingenii
309 2900 503 2979 suppetebat,
539 2915 598 2977 quo
630 2896 815 2960 consularem
847 2903 877 2958 et
909 2897 1088 2960 senatoriam

50 2993 213 3075 lignitatem
227 3005 359 3060 tueretur
369 2995 433 3076 (⁴⁸).
464 3002 510 3056 M.
527 3001 628 3056 Motus
646 3002 756 3054 Druour
770 2996 802 3057 iu
817 2996 967 3060 tribunatu
984 3015 1013 3060 a.
1024 2999 1087 3060 666

50 3098 111 3175 oQ.
134 3098 246 3171 Vario,
274 3105 306 3158 ut
329 3097 410 3160 lama
431 3103 512 3170 erat,
540 3097 672 3170 occisus,
701 3095 755 3156 etsi
777 3101 895 3158 uenotm
916 3095 1088 3176 dignitatum

49 3198 254 3262 aturbulentis
267 3198 398 3280 l’bilippi
416 3196 545 3262 consulis
562 3197 758 3260 moliminibus
774 3195 958 3272 defendebat,
980 3205 1087 3276 tumen,

20 3295 22 3304 ’
48 3314 101 3362 oum
120 3299 243 3383 populis
262 3299 369 3362 ltaliae
392 3301 438 3370 ius
460 3299 585 3364 civitatis
605 3297 830 3380 pollicitust,
853 3298 919 3362 iure
937 3299 969 3362 in
990 3317 1086 3382 popu-

47 3452 248 3468 w

106 3547 151 3615 43)
173 3547 229 3604 Cic.
246 3543 325 3600 Brut.
344 3545 461 3613 saulo
478 3563 537 3617 sqq.
567 3544 616 3602 Or.
634 3547 679 3611 37,
698 3544 755 3598 ltu.
791 3544 975 3602 Quintilianus
993 3546 1084 3601 laceto

48 3625 178 3685 Ciceronis
196 3630 270 3685 (licto
289 3647 352 3685 ursus
366 3630 412 3684 Vl.
430 3631 462 3698 3,
478 3631 521 3686 76.
538 3645 649 3702 semper
665 3629 762 3684 eadam
778 3629 887 3686 exordii
901 3629 991 3686 formo
1007 3648 1084 3686 usum

46 3716 228 3786 reprebendltr
250 3715 398 3788 incipiebat
418 3718 491 3770 emim
508 3717 544 3770 ab
563 3715 739 3770 enarratione
762 3714 869 3770 aetatis.
955 3715 1000 3782 tl)
1025 3716 1083 3775 (lle.

46 3797 115 3858 brou
133 3801 186 3866 66,
202 3801 262 3860 stu.
351 3802 396 3869 45)
421 3802 476 3858 tlte.
501 3801 537 3856 (le
559 3799 609 3856 0r.
626 3799 660 3857 11.
679 3799 729 3866 23,
747 3799 789 3856 98.
877 3799 923 3868 lo)
947 3801 1083 3858 somnia

45 3885 76 3939 acl
86 3887 143 3943 Gir.
156 3885 270 3942 tloruel.
287 3904 315 3958 p.
328 3886 372 3942 ot.
387 3884 474 3943 Orell.
499 3886 535 3942 nl.
547 3886 693 3958 Apuleium
706 3885 742 3940 de
753 3901 824 3957 mog.
842 3903 870 3958 p.
882 3885 941 3940 511.
954 3884 1082 3942 Elmenlr.

45 3967 85 4024 lin
95 3972 195 4043 ignotis
204 3971 330 4028 Gumomlr
340 3973 526 4040 orationibus,
538 3974 638 4044 partim
649 3971 746 4044 quibus
759 3971 787 4024 in
800 3969 947 4026 Gaesarem
958 3971 1083 4026 inuectum

43 4062 95 4123 est,
119 4057 255 4128 quamam
279 4057 382 4114 lrabsut
403 4059 480 4114 Suet.
498 4057 578 4114 Gaas.
593 4057 619 4114 tl.
638 4059 680 4114 46.
699 4055 741 4112 56.
759 4053 803 4108 56.
831 4053 988 4110 Priscianus
1005 4052 1080 4114 Vlll.

44 4139 183 4205 67911).
272 4143 318 4212 lt)
341 4143 413 4201 Vell.
430 4143 463 4201 ll.
482 4142 525 4200 tu.
557 4143 634 4201 Suet.
655 4141 723 4200 ner.
743 4139 769 4195 2.
856 4137 902 4208 ts)
927 4136 985 4194 cre
1001 4135 1081 4198 Brut·

44 4221 164 4292 45,165.
