2674 4782
240 375 338 450 aaa
634 365 895 440 crcuaoars
1000 317 1003 324 ¹

330 536 410 608 Llll.
440 537 513 608 100.
541 537 602 620 0σί
627 549 768 629 praestat
793 540 889 628 igitur
913 533 1104 624 intellegens
1131 539 1291 628 imperitet

246 659 370 747 Magna
389 679 425 728 ro
447 667 478 728 et
498 657 635 727 difficili:
657 660 687 726 si
708 658 833 746 quidem
854 677 1001 743 tuomum
1018 667 1067 724 est
1082 659 1166 725 scire
1185 658 1292 746 quidm

245 780 341 850 rebus
373 779 528 850 eliciatur
558 781 753 846 amittaturve
785 777 918 845 diceudo
949 775 1028 844 illud
1062 777 1212 864 quicquid
1239 787 1292 855 est,

247 899 330 986 quod
360 907 414 966 aut
438 896 522 965 elici
549 896 682 965 dicendo
709 905 831 985 oportet
863 905 917 964 aut
946 895 1043 962 amitti
1075 915 1141 962 non
1166 905 1292 983 oportet.

157 1032 161 1039 “
247 1015 394 1084 Praestat
422 1018 518 1084 otiam
546 1016 603 1086 illo
630 1015 740 1082 doctus
761 1014 885 1082 auditor
915 1013 1055 1094 indocto,
1085 1014 1169 1101 quod
1191 1033 1293 1102 saepe,

249 1155 320 1202 curn
357 1145 502 1203 oratores
531 1134 592 1202 duo
625 1143 679 1200 aut
703 1133 810 1222 plures
838 1131 945 1222 populi
972 1133 1090 1200 iudicio
1116 1131 1293 1221 probantur,

250 1251 334 1340 quod
364 1251 491 1321 dicendi
518 1272 620 1340 genus
647 1261 801 1340 optumum
830 1253 887 1330 sit,
914 1249 1078 1336 intellegit
1119 1270 1194 1318 nam
1220 1250 1296 1316 illud

249 1369 334 1460 quod
351 1369 466 1458 populo
484 1390 549 1438 uon
567 1369 732 1459 probatur,
753 1391 793 1437 ne
809 1368 1005 1455 intellegenti
1022 1367 1147 1456 quidem
1164 1369 1295 1438 auditori

248 1487 379 1578 probari
408 1497 519 1576 petest
565 1486 609 1556 .Ut
640 1491 724 1556 enim
737 1487 740 1492 '
753 1509 796 1556 ex
825 1507 992 1558 neruorum
1018 1503 1098 1554 sono
1124 1489 1158 1553 in
1183 1486 1294 1554 fidibus

250 1626 345 1694 quam
371 1607 508 1677 scienter
534 1609 565 1675 ci
591 1607 675 1696 pulsi
702 1609 764 1675 sint
790 1606 934 1692 intellegi
961 1605 1058 1673 uolet:
1087 1607 1134 1672 sic
1160 1625 1201 1672 ex
1228 1607 1292 1672 ani-

249 1743 371 1792 morum
397 1733 483 1792 motu
504 1728 641 1793 cernitur
664 1726 739 1814 quid
756 1724 929 1793 tractandis
951 1722 1002 1791 his
1022 1723 1163 1812 perficiat
1184 1734 1294 1790 orator.

249 1841 325 1908 2⁰0.
353 1840 461 1930 ltaque
491 1844 681 1929 intellegens
703 1844 828 1911 dicendi
848 1845 1051 1916 existumator
1070 1861 1138 1909 non
1154 1842 1295 1908 assidens

250 1970 283 2028 ct
313 1969 428 2028 edente
459 1962 608 2042 audiens,
639 1963 697 2030 sed
729 1981 792 2030 uuo
825 1971 954 2050 aspectu
983 1971 1015 2028 et
1037 1962 1233 2048 praeteriens
1259 1959 1294 2026 de

252 2088 378 2147 oratore
402 2099 498 2168 saepe
519 2080 647 2148 iudicat.
682 2081 769 2148 videt
790 2083 975 2149 oscitantem
995 2055 1151 2157 iudicem,
1169 2079 1296 2166 loquen-

249 2206 314 2266 tem
335 2217 405 2266 cum
427 2197 543 2276 altero,
564 2219 627 2265 non
647 2218 804 2286 nunquam
820 2201 916 2266 etiam
936 2196 1157 2269 circulantemz
1179 2199 1295 2264 mitten·
1324 2179 1325 2256 l

250 2325 314 2382 tem
342 2313 525 2395 odhones,
556 2319 781 2404 quaesitorem,
812 2326 846 2384 ut
874 2316 1019 2395 dimittat,
1044 2324 1224 2401 rogantem:
1251 2317 1295 2381 in-

248 2431 373 2518 tellegit
406 2443 563 2501 oratorem
595 2437 629 2502 in
659 2427 702 2502 ea
732 2453 832 2503 causa
864 2454 927 2501 non
956 2433 1088 2514 adesse,
1121 2435 1176 2520 qui
1200 2434 1292 2522 possit

251 2551 367 2618 animis
399 2551 535 2620 iudicum
571 2553 739 2650 admovere
770 2553 963 2632 orationem,
1001 2561 1151 2642 cuquam
1187 2551 1291 2618 idibus

251 2686 387 2736 manum.
429 2667 515 2738 Idem
545 2672 574 2738 εἰ
600 2673 796 2759 praeteriens
818 2671 977 2759 aspexerit
997 2680 1121 2738 erectus
1145 2671 1293 2737 intuentes
1325 2719 1326 2752 p

249 2787 388 2868 iudices,
415 2797 449 2858 ut
477 2797 531 2856 aut
560 2787 669 2856 doceri
695 2789 735 2855 de
763 2809 799 2857 re
832 2789 926 2876 idque
944 2791 1040 2856 etiam
1056 2788 1144 2858 uultu
1164 2787 1293 2876 probare

250 2904 418 2982 uideuatur
448 2916 516 2988 ant,
548 2913 582 2980 ut
613 2927 705 2975 auem
737 2918 831 2976 cantu
857 2907 980 2994 aliquo,
1011 2908 1060 2974 sic
1086 2907 1162 2976 illos
1188 2906 1294 2974 uiderit
1325 2881 1326 2916 ³

253 3025 397 3093 oratione
426 3026 519 3112 quasi
547 3045 720 3114 suspensos
750 3029 851 3100 teneri
870 3035 955 3108 εισι,
989 3025 1023 3094 id
1051 3025 1136 3113 quod
1157 3042 1293 3098 manne

323 3238 397 3304 lav,
433 3241 492 3300 lte.
529 3239 712 3314 tucettepeas]
733 3251 763 3298 ut
780 3241 801 3316 p.
819 3241 878 3304 lte.
899 3271 931 3283 -
958 3243 1165 3312 amittaturve]
1183 3245 1295 3304 autea-

253 3331 340 3384 τηεσε
363 3325 514 3386 Gu‚1.·-
540 3326 666 3388 diceudo
687 3329 815 3400 oportet]
840 3326 967 3390 dicendo
990 3345 1025 3382 ex
1042 3328 1182 3400 prioribus
1205 3328 1296 3388 iniuria

251 3410 381 3468 lterotum
404 3418 482 3484 putat
499 3409 618 3486 Meyeu;
641 3411 720 3469 nobis
737 3414 780 3468 vis
798 3415 951 3469 sententiae
967 3413 1140 3472 iterationem
1161 3413 1295 3486 postulare

252 3495 370 3558 videtur.
382 3526 417 3537 -
434 3496 589 3570 tutelleptt]
607 3497 647 3552 εἰσ
659 3496 709 3570 ng.
718 3497 744 3556 8.
754 3497 796 3556 ³5.
805 3498 847 3552 51.
859 3498 899 3554 70.
913 3505 941 3552 et
954 3516 1019 3554 uuox
1031 3497 1214 3573 iutellepeati
1224 3495 1293 3554 act.

254 3575 329 3648 oe,
345 3579 612 3652 0011101σὶ090-
634 3583 801 3657 optumam]
818 3583 859 3640 aie
871 3579 922 3654 Lg.
935 3583 961 3638 8.
976 3583 1018 3636 51.
1030 3582 1073 3642 5³.
1089 3612 1122 3626 -
1139 3600 1177 3641 ae
1190 3581 1294 3638 tutelle-

252 3667 346 3744 συσπ]
363 3681 418 3720 uec
428 3665 519 3726 tatett
534 3664 584 3726 Gu.
597 3668 620 3723 l.
632 3695 667 3706 —
683 3667 817 3746 pipolet]
835 3670 899 3747 ap.
916 3666 967 3738 [ις.
977 3667 1021 3725 00.
1031 3697 1065 3707 -
1083 3666 1143 3742 luta]
1161 3671 1201 3726 tie
1214 3667 1262 3726 Gu,
1273 3666 1293 3724 l.

322 3780 384 3838 000.
420 3782 602 3857 tutellepeus]
620 3786 660 3844 alc
677 3782 929 3856 11300001-
953 3787 1089 3860 aspecto]
1107 3787 1168 3842 sine
1182 3787 1205 3841 d
1220 3784 1293 3840 codd

254 3879 358 3922 omnes.
375 3895 411 3910 --
436 3869 638 3938 decedentem]
660 3869 858 3926 opitulantem
874 3871 917 3928 ed.
936 3889 978 3942 pr.
996 3902 1032 3917 ·=-
1056 3878 1089 3926 ut
1107 3872 1252 3939 dimittat]
1269 3874 1294 3922 et

254 3947 326 4008 dim.
346 3951 490 4010 (01.1.-
516 3955 671 4028 tutelleptt]
688 3954 738 4028 hg.
751 3955 776 4012 0
790 3956 833 4012 et.
857 3954 915 4018 Ott,
951 3956 1161 4030 tutetupateo.
1196 3953 1294 4012 tutellt·

253 4043 303 4108 pet
316 4037 358 4095 70.
371 4069 407 4090 η
423 4042 591 4116 aspexerit]
608 4041 669 4096 elue
682 4039 703 4097 d
721 4057 815 4096 omues
825 4042 898 4096 libri.
926 4049 1065 4115 aspectae
1077 4047 1137 4098 ertt
1149 4041 1201 4115 hp
1213 4041 1253 4097 70.
1262 4067 1294 4082 -·

254 4123 412 4194 tammum]
437 4127 456 4182 1.
481 4142 506 4183 a.
532 4126 619 4182 oeulis
641 4127 670 4181 ln
693 4127 810 4187 iudicem
830 4124 902 4184 idaia.
938 4127 1005 4186 lllrn.
1024 4128 1094 4184 euni.
1113 4132 1246 4184 intentos.
1264 4153 1293 4166 ·-

254 4205 346 4277 noua]
368 4208 408 4265 sle
425 4207 475 4282 ις.
492 4219 604 4282 praeter
619 4211 663 4270 00.
680 4210 724 4270 00.
740 4211 799 4282 ua,
822 4213 889 4271 itera
906 4210 964 4272 ott
985 4213 1049 4270 Vat
1066 4213 1139 4273 Veu.
1153 4213 1181 4269 0.
1197 4239 1233 4256 ··-
1255 4211 1294 4266 ol·
