2660 4776
235 447 384 524 BREVIS
405 443 703 528 Enooumrtrlnti
725 443 828 514 Rom.
850 443 959 516 fflsr.
1061 451 1119 522 01

77 625 106 686 in
120 619 213 686 literis
229 623 307 688 uiam
322 623 436 686 munire
452 621 627 684 maluerunt.
661 617 798 684 Ceterum
813 620 952 684 uniuersa
965 619 1120 682 litersrunu

78 724 172 786 studia
196 730 264 806 post
289 723 441 786 tumultum
468 722 623 786 Sullanum
646 723 759 786 Romae
785 721 884 784 aurius
911 721 1038 800 agitatu,
1066 718 1119 782 sed

78 827 106 888 in
125 825 225 901 Latio,
254 843 319 888 cunr
348 833 416 886 unte
446 825 541 902 magis
569 841 657 904 quum
672 825 716 890 ‚iu
740 823 814 886 urbe
839 822 1020 897 floruissent,
1046 819 1120 882 belli

78 927 207 990 cladibus
230 928 374 988 exstincta
395 933 461 988 suut
477 921 540 1005 (⁶¹).
575 925 717 988 Nonnulli
738 927 830 1006 igitur
851 933 930 989 artes
951 915 1119 988 reconditas

79 1038 105 1092 et
130 1030 167 1092 ab
190 1029 317 1091 omnium
336 1045 393 1090 usu
414 1028 587 1092 remotiores
613 1033 743 1090 tractare
766 1033 939 1110 coeperunt,
968 1034 1001 1088 nt
1020 1025 1119 1108 pbilo-

77 1131 206 1212 sopbiarn
228 1137 348 1212 praeter
364 1129 536 1192 Ciceronem
558 1135 587 1192 et
607 1128 786 1192 indoctiores
803 1129 945 1210 quosdam
955 1129 1119 1210 Epicureos

77 1231 110 1296 Τ.
130 1232 286 1295 Lucretius
307 1238 397 1312 potita
419 1238 447 1294 et
468 1232 512 1294 M.
531 1231 655 1306 Brutus;
677 1231 743 1294 Ser.
760 1231 910 1312 Sulpicius
932 1231 1026 1295 Euius
1045 1232 1119 1294 iuris

76 1333 256 1416 prudentiam
277 1333 308 1394 in
325 1333 397 1396 ortis
412 1332 537 1396 formam
552 1331 681 1412 redegit,
704 1351 791 1412 quam
812 1350 874 1395 rem
892 1332 978 1408 olim,
1001 1333 1027 1396 sl
1047 1331 1120 1395 lidos

78 1435 224 1510 Ciceroni,
252 1435 287 1498 L.
308 1433 417 1497 Crasso
438 1433 622 1516 propositam
648 1451 685 1496 ue
707 1433 812 1496 Cicero
835 1434 951 1515 quidem
977 1434 1120 1516 perlicere

78 1544 195 1618 propter
211 1535 424 1598 multitudinem
438 1535 661 1616 occupationum
672 1535 781 1615 potuit;
798 1535 843 1598 Μ.
857 1535 1011 1598 Terentius
1022 1535 1119 1602 Varro

77 1645 103 1700 et
121 1639 154 1701 P.
176 1635 315 1716 Nigidius
336 1635 460 1716 Figulus
488 1653 601 1698 omnem
627 1635 811 1716 antiquitatis
830 1635 1014 1719 disciplinam
1039 1655 1119 1700 com·

75 1738 151 1820 pleri
174 1745 252 1800 sunt.
285 1737 393 1804 Verum
416 1737 447 1799 bi
467 1737 543 1800 inter
565 1737 671 1800 multos
693 1755 764 1799 sene
785 1739 964 1819 paucissimi.
997 1737 1120 1801 Nobiles

77 1849 168 1904 autem
193 1848 222 1902 et
244 1839 295 1922 qui
316 1837 469 1902 nobilitari
493 1839 654 1900 bonoribus
675 1838 813 1917 gerendis
836 1841 1008 1922 cupiebant,
1035 1840 1121 1903 Cice·

75 1943 199 2004 roniano
230 1957 312 2002 more
342 1939 476 2022 plurimis
504 1939 599 2001 literis
627 1939 738 2002 erudiri
761 1940 918 2003 uolebant:
951 1943 1006 2003 etsi
1034 1943 1120 2004 buius

75 2043 128 2104 riri
160 2040 291 2104 studium
319 2039 473 2120 multiplex
505 2057 524 2100 a
551 2039 664 2101 nemine
691 2048 863 2119 aequatum,
897 2043 1044 2121 spaucis
1074 2045 1120 2104 in·

74 2145 222 2208 tellectum
243 2151 296 2204 est.
339 2142 421 2204 Unus
442 2139 630 2214 Hortensius,
652 2157 723 2202 sane
743 2140 797 2202 ille
817 2140 934 2222 quidem
950 2141 1122 2205 Ciceronem

76 2254 169 2308 aetnte
190 2241 379 2316 antecedens,
401 2241 475 2304 nibil
494 2249 615 2322 praeter
630 2240 746 2303 dicendi
767 2259 857 2322 opus,
879 2259 975 2323 neque
995 2242 1027 2304 id
1047 2245 1121 2304 urti-

75 2346 173 2412 iciose
193 2345 293 2408 coluit.
319 2342 377 2408 ‘Sic
393 2343 486 2426 igitur
503 2343 590 2404 etiam
608 2343 792 2423 eloquentia,
811 2343 882 2406 olim
898 2350 1005 2406 natura
1021 2345 1123 2424 genita

76 2467 125 2512 neo
145 2447 214 2511 ullo
232 2447 338 2508 ortium
360 2445 440 2508 cultu
462 2453 561 2520 aucte,
582 2463 630 2506 res
653 2444 736 2506 multi
756 2444 845 2507 studii
863 2453 891 2507 et
906 2445 1020 2507 laboris
1040 2446 1122 2508 facta

76 2559 116 2614 est
129 2545 202 2629 (⁶²);
231 2565 308 2630 qnae
334 2564 426 2608 censa
452 2546 522 2620 luit,
551 2553 584 2608 ut
610 2545 748 2621 Romani,
775 2547 807 2608 in
834 2564 894 2626 qna
922 2553 987 2608 arte
1015 2553 1123 2609 namra

74 2653 230 2728 valebant,
252 2667 289 2712 ea
309 2648 377 2710 sola
398 2648 529 2712 Graecos
551 2648 709 2726 magistros
730 2665 800 2710 suos
821 2655 993 2729 aequarent.

551 2809 577 2894 l·
600 2815 657 2887 lb.

321 2923 388 3004 Mos
407 2923 574 2978 erudiendae
590 2925 738 2980 iuventutis
756 2932 882 2982 mutatus.

159 3052 224 3120 Sed
245 3049 361 3122 eodem,
384 3064 443 3128 quo
466 3043 620 3106 artificium
636 3045 793 3126 eloquendi
810 3048 970 3123 inuentum,
992 3055 1124 3131 tempore

75 3177 135 3224 nos
166 3155 314 3233 ingenuos
337 3147 538 3212 adolescentes
565 3147 733 3210 instituendi
754 3156 832 3212 totus
854 3156 980 3212 mutatus
1001 3153 1073 3230 est(
1099 3153 1124 3232 ).

76 3263 154 3326 Olim
182 3274 238 3318 usu
266 3252 362 3331 magis
391 3265 480 3331 quam
503 3248 613 3324 literis,
642 3249 769 3313 videndo
799 3252 895 3331 magis
923 3259 951 3314 et
977 3253 1124 3317 audiendo

77 3379 165 3442 quam
193 3355 340 3429 doctriua,
369 3352 416 3414 rei
441 3349 578 3432 publicae
603 3352 703 3432 potius
732 3352 805 3414 belli
834 3352 971 3435 domique
1001 3355 1125 3434 gerendi

76 3459 255 3543 prudentia,
288 3473 375 3535 quam
406 3453 492 3516 uaria
524 3452 687 3514 eruditione
721 3453 966 3530 instituebantur3
1001 3457 1126 3518 aderant

78 3559 263 3625 contionibus
286 3564 314 3618 et
335 3555 451 3618 senatui
465 3551 617 3626 hubeud03
640 3552 858 3616 deducebantur
879 3555 918 3616 ad
937 3557 1018 3619 uiros
1035 3557 1125 3619 rebus

79 3664 170 3743 gestis
192 3660 306 3742 pariter
331 3663 419 3736 atque
445 3653 553 3716 uirtute
578 3659 772 3733 praestantes.
815 3655 844 3718 ls
872 3674 933 3719 mos
955 3663 1033 3720 totus
1055 3659 1125 3720 sub-

79 3764 155 3826 latus
184 3769 241 3836 est,
270 3775 324 3820 neo
351 3756 410 3818 nisi
438 3756 523 3816 unius
549 3755 614 3817 lere
640 3755 684 3818 M.
709 3755 805 3820 Caelii
831 3758 994 3840 exemplum
1021 3766 1125 3834 exstat,

81 3881 166 3943 quem
188 3868 309 3942 apatre
330 3858 368 3922 ad
385 3858 558 3921 Ciceronem
578 3855 731 3920 deductum
753 3867 881 3938 constat,
902 3862 934 3922 in
950 3861 1032 3922 cuius
1054 3877 1125 3921 con-

150 4105 197 4175 ol)
215 4105 270 4162 cuc.
282 4107 399 4162 Arcb.3.
417 4107 453 4161 de
466 4103 516 4161 0r.
531 4103 578 4161 lli.
593 4105 634 4174 ll,
645 4107 687 4161 43.
774 4103 820 4170 62)
837 4101 950 4162 Quintil.
962 4101 1019 4157 Xll.
1033 4101 1072 4169 10,
1082 4101 1124 4157 39.

82 4191 128 4258 63)
150 4193 238 4248 Aliter
255 4192 445 4264 intelligendus
462 4191 560 4249 Cicero
580 4189 616 4247 de
634 4189 685 4249 Or.
703 4188 723 4249 Ι,
741 4189 809 4260 1,3.
833 4205 861 4245 v.
882 4197 975 4244 nostru
992 4203 1125 4244 commen-

85 4277 163 4332 tario.
