2640 4780
371 413 566 488 BRUTUS
596 419 687 488 GAP.
708 420 760 490 35.
1001 429 1090 504 ²15

52 601 108 649 nnn
127 583 294 652 medioeris
316 581 356 654 ab
378 586 556 656 oratoribus
576 588 736 677 plerisque
757 590 905 677 neglecta
926 605 983 668 est.
1014 618 1089 666 nam

54 701 87 768 de
104 721 180 770 sono
201 704 289 770 noeis
311 711 341 770 et
360 707 513 804 suauitate
536 707 793 794 appellandarum
812 709 989 794 literarum,
1011 737 1089 803 quo·
1138 731 1142 742 ’

52 821 126 886 niam
142 819 238 888 filium
255 823 445 908 cognovisti,
466 825 534 895 noli
550 837 732 914 exspectare
753 829 826 916 quid
843 829 955 900 dicam.
989 855 1088 920 quen-

54 957 134 1024 quam
155 937 237 1008 ilius
253 939 377 1026 quidem
399 961 463 1010 nen
480 941 537 1010 tuit
558 945 591 1010 in
608 955 766 1014 oratorum
783 967 927 1028 numero,
951 949 1008 1021 sed
1024 972 1088 1020 nort

52 1056 147 1123 deerat
168 1059 199 1124 ei
220 1067 325 1126 tamen
351 1061 384 1126 in
407 1064 562 1128 sententio
583 1062 718 1130 dicende
745 1085 813 1132 eum
834 1067 998 1153 prudentia
1022 1079 1087 1136 tum

51 1174 170 1260 elegans
192 1177 348 1264 quoddam
370 1187 401 1244 et
423 1179 575 1246 eruditum
597 1184 749 1250 orationis
770 1203 879 1268 genus.
924 1185 996 1254 134.
1020 1185 1086 1256 Nee

50 1291 161 1362 habitus
183 1305 357 1364 esttamen
376 1305 467 1384 pater
489 1299 557 1386 ipso
581 1297 710 1366 Catulus
733 1303 877 1390 princeps
900 1305 934 1372 in
955 1323 1084 1374 numero

49 1421 251 1502 patronorum,
274 1415 331 1482 sed
348 1425 417 1482 eret
435 1415 523 1496 talis,
542 1427 589 1497 ut,
609 1438 678 1486 eum
697 1421 849 1506 quosdam
867 1421 1009 1503 audires,
1033 1427 1087 1512 qui

48 1541 101 1598 tum
117 1543 207 1600 erent
225 1543 437 1620 praestantes,
459 1531 619 1604 videretur
635 1557 708 1607 esse
725 1538 872 1618 interior,
895 1561 964 1608 oum
982 1551 1085 1610 autem
1109 1581 1112 1588 =

48 1651 134 1736 ipsum
166 1651 296 1718 audires
330 1654 398 1718 sine
426 1657 676 1740 comparatione,
709 1675 773 1724 non
800 1657 893 1726 mode
922 1669 1084 1728 contentus

48 1787 142 1848 esses,
165 1770 225 1836 sed
247 1769 359 1836 melius
381 1791 445 1838 non
467 1791 648 1857 quaereres.
693 1771 764 1838 1³5.
789 1771 826 1852 0.
848 1773 998 1842 Metellus
1019 1775 1085 1842 Nu-

47 1887 164 1954 midicus
184 1898 216 1954 et
234 1891 302 1954 eins
319 1888 446 1974 collega
462 1887 507 1954 M.
524 1888 654 1958 Silenus
673 1879 820 1957 dicebar'it
837 1892 875 1958 de
894 1913 929 1958 rs
946 1893 1082 1980 publiea,

47 2005 221 2090 prodesset
242 2005 308 2072 illis
326 2008 404 2074 uiris
426 2015 457 2072 et
478 2007 640 2074 consulari
658 2007 800 2090 dignitati
821 2011 910 2074 satis.
954 2009 1000 2075 M.
1016 2011 1084 2076 Au-

44 2122 129 2188 relius
146 2123 289 2190 Scaurus
310 2143 374 2190 nou
391 2143 487 2210 saepe
504 2123 645 2202 dicebat,
669 2123 725 2190 sed
741 2124 856 2210 polite,
877 2122 991 2192 Latine
1006 2147 1083 2196 vere
1147 2106 1151 2114 ¹

19 2219 172 2327 'inprimis
202 2251 251 2308 est
276 2241 439 2328 eleganter
465 2241 598 2310 loeutus.
643 2241 732 2322 Quae
759 2242 831 2310 laus
855 2243 966 2310 eadem
987 2247 1020 2310 in
1042 2245 1081 2312 A.

44 2357 149 2427 Albino
171 2359 254 2426 bene
273 2360 422 2447 loquendi
443 2361 509 2428 luit.
547 2359 627 2428 Nam
645 2360 758 2428 flamen
776 2361 911 2428 Albinus
934 2365 1028 2430 etiam
1049 2363 1083 2428 in

43 2495 159 2547 numero
172 2489 222 2546 est
236 2477 361 2546 habitus
377 2480 572 2546 disertorum.
596 2479 633 2560 Q.
647 2483 741 2546 etiam
754 2479 882 2569 Caepio,
897 2482 947 2548 vir
962 2501 1038 2548 acer
1051 2491 1083 2548 et

43 2594 131 2676 iortis,
148 2599 201 2665 eui
211 2597 424 2666 fortunabelli
436 2599 567 2678 erimini,
584 2600 819 2687 invidiapopuli
831 2599 1003 2668 calamitati
1014 2599 1080 2664 fuit.

42 2812 185 2880 referrent,
207 2831 276 2868 sone
299 2831 355 2868 uon
372 2815 549 2868 inveniebant
568 2831 622 2882 qrro
639 2823 722 2882 pecto
740 2816 982 2884 reprehensionem
999 2813 1081 2868 Bruti

44 2914 94 2952 eum
111 2900 290 2954 excusatione
306 2898 372 2950 satis
390 2898 527 2966 probabili
545 2897 730 2954 conciliarent.
760 2899 971 2952 Verumtamen
990 2897 1082 2950 debuit

43 2985 106 3050 prius
123 2984 274 3038 membrum
295 2997 346 3051 pro
365 2980 527 3033 secundaria
548 2981 665 3048 quadam
683 2984 841 3035 accessione
860 2997 1081 3052 praegressorum

43 3064 143 3122 baberi:
170 3067 275 3127 fateor,
299 3065 400 3133 inquit,
426 3064 489 3117 illos
509 3063 703 3133 mibiignotos
721 3083 798 3131 esse,
822 3067 896 3120 cuins
915 3065 1022 3133 quidem
1040 3067 1082 3118 rei

43 3153 140 3222 eulpam
156 3151 217 3219 ipse
232 3141 367 3213 sustineo,
385 3149 486 3219 quippe
498 3165 595 3218 parum
609 3149 730 3202 curiosus
742 3167 836 3204 eorum
849 3151 995 3214 librorum,
1013 3167 1082 3218 quos

42 3253 110 3291 casus
130 3251 268 3303 nunquam
288 3234 438 3288 obtulisset.
447 3237 466 3267 “
500 3233 577 3287 Haec
596 3234 643 3287 ille
663 3243 752 3300 recte,
775 3235 825 3288 sed
846 3235 916 3288 male
934 3233 1081 3287 distinctio·

41 3334 94 3374 nem
113 3321 258 3374 maximam
281 3328 344 3390 pest
361 3319 532 3374 insiderant
555 3320 674 3374 retinuit
710 3319 907 3390 componenda
931 3319 1001 3372 enim
1021 3324 1081 3372 suut

41 3420 183 3476 ortoqnam
194 3405 428 3468 *desideraretis
445 3421 521 3458 nume
538 3411 639 3458 autem
655 3411 683 3458 et
700 3422 719 3457 a
734 3411 762 3458 te
777 3423 904 3458 sumam.
919 3434 953 3443 —
972 3403 1081 3464 inside-

41 3493 113 3560 rent]
133 3491 305 3544 occiderunt
322 3489 373 3546 Gu.
391 3490 460 3544 1.-
484 3481 615 3557 dicendi]
634 3494 667 3544 im
687 3489 811 3544 dicendo
830 3491 872 3545 ed.
891 3507 932 3560 pr.
957 3506 984 3544 v.
998 3487 1080 3557 Expl.

41 3574 65 3626 in
80 3577 114 3631 tle
126 3574 175 3631 Or.
191 3575 337 3642 lt.19,78.
357 3573 401 3630 111.
417 3575 463 3642 76,
475 3576 534 3630 307.
554 3584 582 3629 et
600 3575 696 3628 confer
712 3593 747 3628 ex
759 3573 847 3630 Bruto
866 3575 956 3628 locum
975 3573 1021 3640 13,
1038 3571 1080 3626 50.

103 3693 163 3767 lat,
195 3712 262 3748 erem
274 3693 419 3764 quosdam
433 3694 566 3761 audires]
579 3710 646 3748 enm
658 3696 685 3747 is
697 3693 843 3764 quosdam
856 3691 906 3749 Gn.
919 3695 942 3748 l.
967 3691 1081 3746 Schnei-

41 3775 115 3832 derus
132 3781 205 3834 nulla
216 3780 317 3834 idonea
335 3780 370 3832 de
384 3797 466 3834 causa
483 3782 553 3834 coni.
573 3787 623 3843 ut,
641 3783 670 3834 se·
687 3797 752 3833 cnm
772 3783 810 3834 tis
828 3779 957 3834 audires.
968 3808 1002 3818 -·
1021 3792 1080 3832 nott

41 3865 122 3918 medo
136 3866 301 3932 contentus]
319 3881 377 3919 nort
393 3865 485 3919 medo
504 3883 538 3919 eo
557 3873 709 3920 contentus
725 3865 820 3921 Lamb.

105 3982 161 4038 135.
199 3982 334 4052 Silanus]
354 3983 478 4039 sillanus
490 3983 541 4054 Lg.
554 3983 596 4039 20.
611 3984 653 4040 53.
668 3987 702 4038 70
711 4001 780 4038 eorr.
807 3981 878 4035 Hinc
896 3979 959 4032 edel.
974 3978 1081 4046 plerae-

44 4079 90 4131 que
105 4075 213 4124 veteres
227 4067 380 4140 syllanus,
397 4070 503 4124 electius
515 4069 605 4123 visum
617 4071 710 4124 nescio
729 4065 792 4137 quid
809 4065 844 4118 de
857 4062 943 4134 Sylla
955 4080 978 4116 s.
992 4057 1080 4114 Sulla

43 4153 284 4295 {gennifientilggs-
300 4154 335 4211 A.
347 4153 465 4225 Albino]
480 4153 586 4211 Aterno
600 4155 674 4211 Aeolo
689 4153 739 4223 bg.
750 4150 793 4206 20.
802 4177 838 4196 ι-
854 4165 924 4204 aser
936 4154 965 4202 et
974 4142 1081 4217 terno]

88 4277 95 4293 .
139 4256 164 4310 g.
219 4278 226 4294 .
