<?xml version="1.0" encoding="UTF-8"?>
<!DOCTYPE html PUBLIC "-//W3C//DTD XHTML 1.0 Transitional//EN"
    "http://www.w3.org/TR/xhtml1/DTD/xhtml1-transitional.dtd">
<html xmlns="http://www.w3.org/1999/xhtml" xml:lang="en" lang="en">
 <head>
  <title>
</title>
<meta http-equiv="Content-Type" content="text/html;charset=utf-8" />
  <meta name='ocr-system' content='tesseract 3.04.00' />
  <meta name='ocr-capabilities' content='ocr_page ocr_carea ocr_par ocr_line ocrx_word'/>
</head>
<body>
  <div class='ocr_page' id='page_1' title='image "./brutussivedecla00cicegoog/brutussivedecla00cicegoog_0185.png"; bbox 0 0 2660 4776; ppageno 0'>
   <div class='ocr_carea' id='block_1_1' title="bbox 355 471 1060 552">
    <p class='ocr_par' dir='ltr' id='par_1_1' title="bbox 355 471 1060 552">
     <span class='ocr_line' id='line_1_1' title="bbox 355 471 1060 552; baseline 0.016 -10"><span class='ocrx_word' id='word_1_1' title='bbox 355 471 544 545; x_wconf 83' lang='lat' dir='ltr'>BRUTUS</span> <span class='ocrx_word' id='word_1_2' title='bbox 574 474 664 545; x_wconf 81' lang='lat' dir='ltr'><strong>GAP.</strong></span> <span class='ocrx_word' id='word_1_3' title='bbox 686 477 717 545; x_wconf 84' lang='grc'><strong>5.</strong></span> <span class='ocrx_word' id='word_1_4' title='bbox 979 479 1060 552; x_wconf 80' lang='lat' dir='ltr'><strong>lon</strong></span> 
     </span>
    </p>
   </div>
   <div class='ocr_carea' id='block_1_2' title="bbox 31 639 1143 2382">
    <p class='ocr_par' dir='ltr' id='par_1_2' title="bbox 31 639 1143 2382">
     <span class='ocr_line' id='line_1_2' title="bbox 46 639 1059 732; baseline 0.013 -28"><span class='ocrx_word' id='word_1_5' title='bbox 46 639 138 724; x_wconf 81' lang='lat' dir='ltr'><strong>pimus:</strong></span> <span class='ocrx_word' id='word_1_6' title='bbox 163 643 267 730; x_wconf 83' lang='lat' dir='ltr'><strong>eisque</strong></span> <span class='ocrx_word' id='word_1_7' title='bbox 290 653 412 710; x_wconf 87' lang='lat' dir='ltr'><strong>nosmet</strong></span> <span class='ocrx_word' id='word_1_8' title='bbox 440 645 501 732; x_wconf 88' lang='lat' dir='ltr'><strong>ipsi</strong></span> <span class='ocrx_word' id='word_1_9' title='bbox 531 646 571 711; x_wconf 89' lang='lat' dir='ltr'><strong>od</strong></span> <span class='ocrx_word' id='word_1_10' title='bbox 593 655 732 713; x_wconf 87' lang='lat' dir='ltr'><strong>veterum</strong></span> <span class='ocrx_word' id='word_1_11' title='bbox 752 665 855 714; x_wconf 88' lang='lat' dir='ltr'><strong>rerum</strong></span> <span class='ocrx_word' id='word_1_12' title='bbox 877 649 1059 718; x_wconf 78' lang='lat' dir='ltr'><strong>memoriam</strong></span> 
     </span>
     <span class='ocr_line' id='line_1_3' title="bbox 45 757 1059 850; baseline 0.011 -28"><span class='ocrx_word' id='word_1_13' title='bbox 45 757 336 844; x_wconf 76' lang='lat' dir='ltr'><strong>comprehendendam</strong></span> <span class='ocrx_word' id='word_1_14' title='bbox 371 761 497 850; x_wconf 86' lang='lat' dir='ltr'><strong>impulsi</strong></span> <span class='ocrx_word' id='word_1_15' title='bbox 536 773 628 850; x_wconf 85' lang='lat' dir='ltr'><strong>atque</strong></span> <span class='ocrx_word' id='word_1_16' title='bbox 667 765 790 832; x_wconf 82' lang='lat' dir='ltr'><strong>incensi</strong></span> <span class='ocrx_word' id='word_1_17' title='bbox 821 783 937 832; x_wconf 87' lang='lat' dir='ltr'><strong>somus.</strong></span> <span class='ocrx_word' id='word_1_18' title='bbox 992 763 1059 834; x_wconf 86' lang='lat' dir='ltr'><strong>Sed</strong></span> 
     </span>
     <span class='ocr_line' id='line_1_4' title="bbox 43 866 1059 968; baseline 0.015 -31"><span class='ocrx_word' id='word_1_19' title='bbox 43 872 98 952; x_wconf 86' lang='lat' dir='ltr'><strong>illa,</strong></span> <span class='ocrx_word' id='word_1_20' title='bbox 118 880 329 966; x_wconf 83' lang='lat' dir='ltr'><strong>computeris:</strong></span> <span class='ocrx_word' id='word_1_21' title='bbox 353 887 444 966; x_wconf 83' lang='lat' dir='ltr'><strong>atque</strong></span> <span class='ocrx_word' id='word_1_22' title='bbox 466 887 499 946; x_wconf 92' lang='lat' dir='ltr'><strong>ut</strong></span> <span class='ocrx_word' id='word_1_23' title='bbox 517 881 638 968; x_wconf 88' lang='lat' dir='ltr'><strong>possis,</strong></span> <span class='ocrx_word' id='word_1_24' title='bbox 659 901 748 967; x_wconf 77' lang='lat' dir='ltr'><strong>rogo.</strong></span> <span class='ocrx_word' id='word_1_25' title='bbox 790 881 843 948; x_wconf 80' lang='lat'><strong>20.</strong></span> <span class='ocrx_word' id='word_1_26' title='bbox 864 866 954 950; x_wconf 74' lang='lat' dir='ltr'><strong>Nnn&#39;e</strong></span> <span class='ocrx_word' id='word_1_27' title='bbox 971 903 1059 964; x_wconf 90' lang='lat' dir='ltr'><strong>uero,</strong></span> 
     </span>
     <span class='ocr_line' id='line_1_5' title="bbox 43 992 1057 1087; baseline 0.014 -33"><span class='ocrx_word' id='word_1_28' title='bbox 43 992 135 1078; x_wconf 86' lang='lat' dir='ltr'><strong>inpuit,</strong></span> <span class='ocrx_word' id='word_1_29' title='bbox 155 995 182 1060; x_wconf 89' lang='lat' dir='ltr'><strong>si</strong></span> <span class='ocrx_word' id='word_1_30' title='bbox 200 1015 235 1062; x_wconf 91' lang='lat' dir='ltr'><strong>es</strong></span> <span class='ocrx_word' id='word_1_31' title='bbox 260 997 364 1076; x_wconf 86' lang='lat' dir='ltr'><strong>anino</strong></span> <span class='ocrx_word' id='word_1_32' title='bbox 379 1013 495 1076; x_wconf 83' lang='lat' dir='ltr'><strong>uacuo,</strong></span> <span class='ocrx_word' id='word_1_33' title='bbox 518 1016 637 1086; x_wconf 81' lang='lat' dir='ltr'><strong>expone</strong></span> <span class='ocrx_word' id='word_1_34' title='bbox 659 997 751 1066; x_wconf 88' lang='lat' dir='ltr'><strong>nobis</strong></span> <span class='ocrx_word' id='word_1_35' title='bbox 769 999 851 1086; x_wconf 88' lang='lat' dir='ltr'><strong>quod</strong></span> <span class='ocrx_word' id='word_1_36' title='bbox 867 1001 1057 1087; x_wconf 79' lang='lat' dir='ltr'><strong>quaerimus.</strong></span> 
     </span>
     <span class='ocr_line' id='line_1_6' title="bbox 43 1107 1143 1205; baseline 0.011 -31"><span class='ocrx_word' id='word_1_37' title='bbox 43 1107 171 1186; x_wconf 77' lang='lat' dir='ltr'><strong>Quidnam</strong></span> <span class='ocrx_word' id='word_1_38' title='bbox 195 1123 244 1180; x_wconf 90' lang='lat' dir='ltr'><strong>est</strong></span> <span class='ocrx_word' id='word_1_39' title='bbox 272 1114 326 1188; x_wconf 86' lang='lat' dir='ltr'><strong>idc</strong></span> <span class='ocrx_word' id='word_1_40' title='bbox 359 1115 495 1202; x_wconf 83' lang='lat' dir='ltr'><strong>inquam.</strong></span> <span class='ocrx_word' id='word_1_41' title='bbox 540 1113 632 1196; x_wconf 86' lang='lat' dir='ltr'><strong>Quod</strong></span> <span class='ocrx_word' id='word_1_42' title='bbox 663 1115 739 1184; x_wconf 89' lang='lat' dir='ltr'><strong>mihi</strong></span> <span class='ocrx_word' id='word_1_43' title='bbox 759 1136 858 1205; x_wconf 83' lang='lat' dir='ltr'><strong>nuper</strong></span> <span class='ocrx_word' id='word_1_44' title='bbox 878 1119 912 1184; x_wconf 91' lang='lat' dir='ltr'><strong>in</strong></span> <span class='ocrx_word' id='word_1_45' title='bbox 933 1115 1057 1186; x_wconf 84' lang='lat' dir='ltr'><strong>Tuscu·</strong></span> <span class='ocrx_word' id='word_1_46' title='bbox 1140 1143 1143 1150; x_wconf 67' lang='grc'><em>’</em></span> 
     </span>
     <span class='ocr_line' id='line_1_7' title="bbox 40 1223 1059 1323; baseline 0.016 -35"><span class='ocrx_word' id='word_1_47' title='bbox 40 1223 96 1292; x_wconf 90' lang='lat' dir='ltr'><strong>lunc</strong></span> <span class='ocrx_word' id='word_1_48' title='bbox 123 1229 306 1299; x_wconf 83' lang='lat' dir='ltr'><strong>inchoauisti</strong></span> <span class='ocrx_word' id='word_1_49' title='bbox 333 1231 372 1299; x_wconf 92' lang='lat' dir='ltr'><strong>de</strong></span> <span class='ocrx_word' id='word_1_50' title='bbox 400 1230 593 1312; x_wconf 88' lang='lat' dir='ltr'><strong>oratoribus,</strong></span> <span class='ocrx_word' id='word_1_51' title='bbox 626 1233 750 1320; x_wconf 60' lang='lat' dir='ltr'><strong>wando</strong></span> <span class='ocrx_word' id='word_1_52' title='bbox 777 1253 850 1302; x_wconf 89' lang='lat' dir='ltr'><strong>esse</strong></span> <span class='ocrx_word' id='word_1_53' title='bbox 879 1236 1059 1323; x_wconf 88' lang='lat' dir='ltr'><strong>coepissent</strong></span> 
     </span>
     <span class='ocr_line' id='line_1_8' title="bbox 41 1347 1056 1438; baseline 0.013 -31"><span class='ocrx_word' id='word_1_54' title='bbox 41 1347 79 1427; x_wconf 90' lang='lat' dir='ltr'><strong>pui</strong></span> <span class='ocrx_word' id='word_1_55' title='bbox 104 1348 190 1416; x_wconf 89' lang='lat' dir='ltr'><strong>etiam</strong></span> <span class='ocrx_word' id='word_1_56' title='bbox 211 1360 242 1416; x_wconf 89' lang='lat' dir='ltr'><strong>et</strong></span> <span class='ocrx_word' id='word_1_57' title='bbox 256 1349 374 1436; x_wconf 76' lang='lat' dir='ltr'><strong>pudes</strong></span> <span class='ocrx_word' id='word_1_58' title='bbox 396 1350 539 1418; x_wconf 84' lang='lat' dir='ltr'><strong>fuissent.</strong></span> <span class='ocrx_word' id='word_1_59' title='bbox 583 1347 683 1431; x_wconf 83' lang='lat' dir='ltr'><strong>Quem</strong></span> <span class='ocrx_word' id='word_1_60' title='bbox 705 1371 766 1438; x_wconf 82' lang='lat' dir='ltr'><strong>ego</strong></span> <span class='ocrx_word' id='word_1_61' title='bbox 789 1371 964 1422; x_wconf 88' lang='lat' dir='ltr'><strong>sermonem</strong></span> <span class='ocrx_word' id='word_1_62' title='bbox 986 1373 1056 1421; x_wconf 87' lang='lat' dir='ltr'><strong>cunr</strong></span> 
     </span>
     <span class='ocr_line' id='line_1_9' title="bbox 39 1461 1120 1557; baseline 0.009 -33"><span class='ocrx_word' id='word_1_63' title='bbox 39 1461 70 1526; x_wconf 86' lang='lat' dir='ltr'><strong>ad</strong></span> <span class='ocrx_word' id='word_1_64' title='bbox 85 1461 201 1534; x_wconf 82' lang='lat' dir='ltr'><strong>Brutum</strong></span> <span class='ocrx_word' id='word_1_65' title='bbox 226 1477 312 1535; x_wconf 88' lang='lat' dir='ltr'><strong>tuum</strong></span> <span class='ocrx_word' id='word_1_66' title='bbox 336 1468 389 1536; x_wconf 88' lang='lat' dir='ltr'><strong>uel</strong></span> <span class='ocrx_word' id='word_1_67' title='bbox 417 1479 557 1536; x_wconf 88' lang='lat' dir='ltr'><strong>nostrum</strong></span> <span class='ocrx_word' id='word_1_68' title='bbox 582 1471 685 1557; x_wconf 91' lang='lat' dir='ltr'><strong>potius</strong></span> <span class='ocrx_word' id='word_1_69' title='bbox 711 1469 910 1550; x_wconf 82' lang='lat' dir='ltr'><strong>detulissem,</strong></span> <span class='ocrx_word' id='word_1_70' title='bbox 939 1491 1055 1557; x_wconf 78' lang='lat' dir='ltr'><strong>magno</strong></span> <span class='ocrx_word' id='word_1_71' title='bbox 1111 1513 1120 1534; x_wconf 88' lang='lat'>.</span> 
     </span>
     <span class='ocr_line' id='line_1_10' title="bbox 38 1581 1056 1676; baseline 0.013 -33"><span class='ocrx_word' id='word_1_72' title='bbox 38 1597 110 1665; x_wconf 88' lang='lat' dir='ltr'><strong>opere</strong></span> <span class='ocrx_word' id='word_1_73' title='bbox 138 1581 188 1652; x_wconf 85' lang='lat' dir='ltr'><strong>hic</strong></span> <span class='ocrx_word' id='word_1_74' title='bbox 215 1586 324 1654; x_wconf 85' lang='lat' dir='ltr'><strong>audire</strong></span> <span class='ocrx_word' id='word_1_75' title='bbox 353 1604 388 1654; x_wconf 88' lang='lat' dir='ltr'><strong>se</strong></span> <span class='ocrx_word' id='word_1_76' title='bbox 413 1585 497 1654; x_wconf 82' lang='lat' dir='ltr'><strong>velle</strong></span> <span class='ocrx_word' id='word_1_77' title='bbox 524 1586 610 1654; x_wconf 76' lang='lat' dir='ltr'><strong>cinit.</strong></span> <span class='ocrx_word' id='word_1_78' title='bbox 657 1586 766 1676; x_wconf 86' lang='lat' dir='ltr'><strong>Itaque</strong></span> <span class='ocrx_word' id='word_1_79' title='bbox 792 1588 874 1658; x_wconf 84' lang='lat' dir='ltr'><strong>nuuc</strong></span> <span class='ocrx_word' id='word_1_80' title='bbox 901 1588 1056 1676; x_wconf 75' lang='lat' dir='ltr'><strong>elegimus</strong></span> 
     </span>
     <span class='ocr_line' id='line_1_11' title="bbox 38 1695 1057 1786; baseline 0.014 -26"><span class='ocrx_word' id='word_1_81' title='bbox 38 1695 116 1778; x_wconf 83' lang='lat' dir='ltr'><strong>dien,</strong></span> <span class='ocrx_word' id='word_1_82' title='bbox 145 1722 213 1770; x_wconf 88' lang='lat' dir='ltr'><strong>curn</strong></span> <span class='ocrx_word' id='word_1_83' title='bbox 238 1713 269 1770; x_wconf 88' lang='lat' dir='ltr'><strong>te</strong></span> <span class='ocrx_word' id='word_1_84' title='bbox 297 1707 449 1772; x_wconf 89' lang='lat' dir='ltr'><strong>sciremus</strong></span> <span class='ocrx_word' id='word_1_85' title='bbox 476 1724 548 1772; x_wconf 85' lang='lat' dir='ltr'><strong>esse</strong></span> <span class='ocrx_word' id='word_1_86' title='bbox 573 1724 715 1772; x_wconf 82' lang='lat' dir='ltr'><strong>vacuum.</strong></span> <span class='ocrx_word' id='word_1_87' title='bbox 764 1704 910 1786; x_wconf 81' lang='lat' dir='ltr'><strong>Quare,</strong></span> <span class='ocrx_word' id='word_1_88' title='bbox 944 1709 973 1774; x_wconf 91' lang='lat' dir='ltr'><strong>si</strong></span> <span class='ocrx_word' id='word_1_89' title='bbox 998 1707 1057 1774; x_wconf 85' lang='lat' dir='ltr'><strong>tibi</strong></span> 
     </span>
     <span class='ocr_line' id='line_1_12' title="bbox 36 1821 1055 1910; baseline 0.011 -31"><span class='ocrx_word' id='word_1_90' title='bbox 36 1825 71 1880; x_wconf 90' lang='lat' dir='ltr'><strong>cst</strong></span> <span class='ocrx_word' id='word_1_91' title='bbox 83 1822 281 1901; x_wconf 86' lang='lat' dir='ltr'><strong>commodum,</strong></span> <span class='ocrx_word' id='word_1_92' title='bbox 304 1821 363 1889; x_wconf 91' lang='lat' dir='ltr'><strong>ede</strong></span> <span class='ocrx_word' id='word_1_93' title='bbox 379 1822 451 1902; x_wconf 90' lang='lat' dir='ltr'><strong>illa,</strong></span> <span class='ocrx_word' id='word_1_94' title='bbox 472 1841 554 1910; x_wconf 82' lang='lat' dir='ltr'><strong>quac</strong></span> <span class='ocrx_word' id='word_1_95' title='bbox 572 1842 740 1910; x_wconf 84' lang='lat' dir='ltr'><strong>coeperas,</strong></span> <span class='ocrx_word' id='word_1_96' title='bbox 763 1834 793 1892; x_wconf 91' lang='lat' dir='ltr'><strong>et</strong></span> <span class='ocrx_word' id='word_1_97' title='bbox 807 1822 904 1892; x_wconf 92' lang='lat' dir='ltr'><strong>Bruto</strong></span> <span class='ocrx_word' id='word_1_98' title='bbox 923 1823 1055 1892; x_wconf 85' lang='lat' dir='ltr'><strong>etmihi.</strong></span> 
     </span>
     <span class='ocr_line' id='line_1_13' title="bbox 35 1919 1055 2027; baseline 0.011 -29"><span class='ocrx_word' id='word_1_99' title='bbox 35 1931 73 1998; x_wconf 85' lang='lat'><strong>21.</strong></span> <span class='ocrx_word' id='word_1_100' title='bbox 89 1919 157 2024; x_wconf 68' lang='lat' dir='ltr'><strong>&#39;nge</strong></span> <span class='ocrx_word' id='word_1_101' title='bbox 182 1959 275 2020; x_wconf 88' lang='lat' dir='ltr'><strong>uero,</strong></span> <span class='ocrx_word' id='word_1_102' title='bbox 305 1943 446 2027; x_wconf 87' lang='lat' dir='ltr'><strong>inquam,</strong></span> <span class='ocrx_word' id='word_1_103' title='bbox 480 1942 509 2006; x_wconf 88' lang='lat' dir='ltr'><strong>si</strong></span> <span class='ocrx_word' id='word_1_104' title='bbox 533 1949 678 2027; x_wconf 89' lang='lat' dir='ltr'><strong>potuero,</strong></span> <span class='ocrx_word' id='word_1_105' title='bbox 704 1941 822 2008; x_wconf 83' lang='lat' dir='ltr'><strong>faciam</strong></span> <span class='ocrx_word' id='word_1_106' title='bbox 846 1941 938 2010; x_wconf 88' lang='lat' dir='ltr'><strong>uobis</strong></span> <span class='ocrx_word' id='word_1_107' title='bbox 966 1945 1055 2010; x_wconf 84' lang='lat' dir='ltr'><strong>satis.</strong></span> 
     </span>
     <span class='ocr_line' id='line_1_14' title="bbox 33 2045 1056 2146; baseline 0.009 -30"><span class='ocrx_word' id='word_1_108' title='bbox 33 2045 146 2135; x_wconf 88' lang='lat' dir='ltr'><strong>Poteris,</strong></span> <span class='ocrx_word' id='word_1_109' title='bbox 167 2059 280 2146; x_wconf 89' lang='lat' dir='ltr'><strong>inquit:</strong></span> <span class='ocrx_word' id='word_1_110' title='bbox 303 2057 416 2125; x_wconf 81' lang='lat' dir='ltr'><strong>relaxa</strong></span> <span class='ocrx_word' id='word_1_111' title='bbox 437 2057 529 2124; x_wconf 90' lang='lat' dir='ltr'><strong>modo</strong></span> <span class='ocrx_word' id='word_1_112' title='bbox 548 2057 674 2144; x_wconf 82' lang='lat' dir='ltr'><strong>paulum</strong></span> <span class='ocrx_word' id='word_1_113' title='bbox 691 2060 827 2124; x_wconf 86' lang='lat' dir='ltr'><strong>anirnurn</strong></span> <span class='ocrx_word' id='word_1_114' title='bbox 843 2068 896 2124; x_wconf 90' lang='lat' dir='ltr'><strong>aut</strong></span> <span class='ocrx_word' id='word_1_115' title='bbox 912 2079 1004 2138; x_wconf 86' lang='lat' dir='ltr'><strong>sane,</strong></span> <span class='ocrx_word' id='word_1_116' title='bbox 1027 2061 1056 2126; x_wconf 88' lang='lat' dir='ltr'><strong>si</strong></span> 
     </span>
     <span class='ocr_line' id='line_1_15' title="bbox 31 2171 1056 2262; baseline 0.011 -30"><span class='ocrx_word' id='word_1_117' title='bbox 31 2177 115 2251; x_wconf 88' lang='lat' dir='ltr'><strong>potes,</strong></span> <span class='ocrx_word' id='word_1_118' title='bbox 136 2173 249 2244; x_wconf 88' lang='lat' dir='ltr'><strong>libera.</strong></span> <span class='ocrx_word' id='word_1_119' title='bbox 292 2173 410 2262; x_wconf 84' lang='lat' dir='ltr'><strong>Nempe</strong></span> <span class='ocrx_word' id='word_1_120' title='bbox 433 2175 528 2260; x_wconf 84' lang='lat' dir='ltr'><strong>igitur</strong></span> <span class='ocrx_word' id='word_1_121' title='bbox 547 2171 620 2240; x_wconf 87' lang='lat' dir='ltr'><strong>hinc</strong></span> <span class='ocrx_word' id='word_1_122' title='bbox 642 2184 720 2252; x_wconf 89' lang='lat' dir='ltr'><strong>tum,</strong></span> <span class='ocrx_word' id='word_1_123' title='bbox 750 2172 917 2261; x_wconf 88' lang='lat' dir='ltr'><strong>Pomponi,</strong></span> <span class='ocrx_word' id='word_1_124' title='bbox 946 2175 1056 2243; x_wconf 83' lang='lat' dir='ltr'><strong>ductus</strong></span> 
     </span>
     <span class='ocr_line' id='line_1_16' title="bbox 31 2291 1054 2382; baseline 0.015 -36"><span class='ocrx_word' id='word_1_125' title='bbox 31 2295 67 2350; x_wconf 86' lang='lat' dir='ltr'><strong>cst</strong></span> <span class='ocrx_word' id='word_1_126' title='bbox 87 2307 199 2373; x_wconf 88' lang='lat' dir='ltr'><strong>sermo,</strong></span> <span class='ocrx_word' id='word_1_127' title='bbox 230 2294 315 2382; x_wconf 84' lang='lat' dir='ltr'><strong>quod</strong></span> <span class='ocrx_word' id='word_1_128' title='bbox 343 2301 412 2360; x_wconf 88' lang='lat' dir='ltr'><strong>erat</strong></span> <span class='ocrx_word' id='word_1_129' title='bbox 438 2312 458 2359; x_wconf 87' lang='lat' dir='ltr'><strong>e</strong></span> <span class='ocrx_word' id='word_1_130' title='bbox 485 2311 535 2358; x_wconf 89' lang='lat' dir='ltr'><strong>me</strong></span> <span class='ocrx_word' id='word_1_131' title='bbox 557 2294 672 2359; x_wconf 87' lang='lat' dir='ltr'><strong>mentio</strong></span> <span class='ocrx_word' id='word_1_132' title='bbox 694 2291 781 2360; x_wconf 88' lang='lat' dir='ltr'><strong>facta</strong></span> <span class='ocrx_word' id='word_1_133' title='bbox 807 2311 936 2360; x_wconf 88' lang='lat' dir='ltr'><strong>causam</strong></span> <span class='ocrx_word' id='word_1_134' title='bbox 957 2291 1054 2361; x_wconf 88' lang='lat' dir='ltr'><strong>Deio-</strong></span> 
     </span>
    </p>
   </div>
   <div class='ocr_carea' id='block_1_3' title="bbox 28 2406 1054 2598">
    <p class='ocr_par' dir='ltr' id='par_1_3' title="bbox 28 2406 1054 2598">
     <span class='ocr_line' id='line_1_17' title="bbox 28 2406 1054 2504; baseline 0.011 -34"><span class='ocrx_word' id='word_1_135' title='bbox 28 2406 74 2470; x_wconf 83' lang='lat' dir='ltr'><strong>tari</strong></span> <span class='ocrx_word' id='word_1_136' title='bbox 96 2407 279 2478; x_wconf 83' lang='lat' dir='ltr'><strong>fidelissumi</strong></span> <span class='ocrx_word' id='word_1_137' title='bbox 307 2420 398 2504; x_wconf 73' lang='lat' dir='ltr'><strong>atque</strong></span> <span class='ocrx_word' id='word_1_138' title='bbox 420 2412 535 2499; x_wconf 81' lang='lat' dir='ltr'><strong>optumi</strong></span> <span class='ocrx_word' id='word_1_139' title='bbox 554 2412 642 2495; x_wconf 81' lang='lat' dir='ltr'><strong>regis</strong></span> <span class='ocrx_word' id='word_1_140' title='bbox 665 2412 873 2479; x_wconf 87' lang='lat' dir='ltr'><strong>ornatissume</strong></span> <span class='ocrx_word' id='word_1_141' title='bbox 896 2420 927 2480; x_wconf 87' lang='lat' dir='ltr'><strong>et</strong></span> <span class='ocrx_word' id='word_1_142' title='bbox 947 2415 1054 2501; x_wconf 89' lang='lat' dir='ltr'><strong>copio-</strong></span> 
     </span>
     <span class='ocr_line' id='line_1_18' title="bbox 29 2519 719 2598; baseline 0.019 -16"><span class='ocrx_word' id='word_1_143' title='bbox 29 2519 140 2594; x_wconf 87' lang='lat' dir='ltr'><strong>sissune</strong></span> <span class='ocrx_word' id='word_1_144' title='bbox 162 2548 183 2596; x_wconf 84' lang='lat' dir='ltr'><strong>a</strong></span> <span class='ocrx_word' id='word_1_145' title='bbox 203 2526 302 2595; x_wconf 85' lang='lat' dir='ltr'><strong>Bruto</strong></span> <span class='ocrx_word' id='word_1_146' title='bbox 324 2549 373 2596; x_wconf 87' lang='lat' dir='ltr'><strong>me</strong></span> <span class='ocrx_word' id='word_1_147' title='bbox 396 2529 524 2598; x_wconf 83' lang='lat' dir='ltr'><strong>audisse</strong></span> <span class='ocrx_word' id='word_1_148' title='bbox 547 2528 719 2598; x_wconf 86' lang='lat' dir='ltr'><strong>defensam.</strong></span> 
     </span>
    </p>
   </div>
   <div class='ocr_carea' id='block_1_4' title="bbox 74 2758 416 2886">
    <p class='ocr_par' dir='ltr' id='par_1_4' title="bbox 74 2758 416 2886">
     <span class='ocr_line' id='line_1_19' title="bbox 75 2758 416 2819; baseline 0.021 -19"><span class='ocrx_word' id='word_1_149' title='bbox 75 2758 104 2800; x_wconf 75' lang='lat'><strong>2⁰.</strong></span> <span class='ocrx_word' id='word_1_150' title='bbox 130 2761 284 2819; x_wconf 69' lang='lat' dir='ltr'><strong>inodoooiotsj</strong></span> <span class='ocrx_word' id='word_1_151' title='bbox 298 2762 416 2808; x_wconf 69' lang='lat' dir='ltr'><strong>inchoasti.</strong></span> 
     </span>
     <span class='ocr_line' id='line_1_20' title="bbox 74 2828 343 2886; baseline -0.004 -12"><span class='ocrx_word' id='word_1_152' title='bbox 74 2828 102 2872; x_wconf 73' lang='lat'><strong>21.</strong></span> <span class='ocrx_word' id='word_1_153' title='bbox 125 2831 239 2886; x_wconf 78' lang='lat' dir='ltr'><strong>potuero]</strong></span> <span class='ocrx_word' id='word_1_154' title='bbox 253 2835 343 2886; x_wconf 85' lang='lat' dir='ltr'><strong>potero.</strong></span> 
     </span>
    </p>
   </div>
   <div class='ocr_carea' id='block_1_5' title="bbox 18 3011 1056 4362">
    <p class='ocr_par' dir='ltr' id='par_1_5' title="bbox 19 3011 1056 3596">
     <span class='ocr_line' id='line_1_21' title="bbox 26 3011 1054 3072; baseline 0.009 -12"><span class='ocrx_word' id='word_1_155' title='bbox 26 3016 135 3070; x_wconf 72' lang='lat' dir='ltr'><strong>ceruum</strong></span> <span class='ocrx_word' id='word_1_156' title='bbox 147 3017 235 3072; x_wconf 78' lang='lat' dir='ltr'><strong>absita</strong></span> <span class='ocrx_word' id='word_1_157' title='bbox 248 3023 381 3070; x_wconf 74' lang='lat' dir='ltr'><strong>ueterum</strong></span> <span class='ocrx_word' id='word_1_158' title='bbox 393 3013 547 3070; x_wconf 67' lang='lat' dir='ltr'><strong>uomicam</strong></span> <span class='ocrx_word' id='word_1_159' title='bbox 560 3015 630 3070; x_wconf 89' lang='lat' dir='ltr'><strong>coni.</strong></span> <span class='ocrx_word' id='word_1_160' title='bbox 644 3013 742 3068; x_wconf 84' lang='lat' dir='ltr'><strong>Victor</strong></span> <span class='ocrx_word' id='word_1_161' title='bbox 753 3013 878 3069; x_wconf 82' lang='lat' dir='ltr'><strong>Pisanus.</strong></span> <span class='ocrx_word' id='word_1_162' title='bbox 903 3011 986 3070; x_wconf 85' lang='lat' dir='ltr'><strong>Unde</strong></span> <span class='ocrx_word' id='word_1_163' title='bbox 997 3013 1054 3070; x_wconf 84' lang='lat' dir='ltr'><strong>vui-</strong></span> 
     </span>
     <span class='ocr_line' id='line_1_22' title="bbox 26 3099 1055 3170; baseline 0.004 -20"><span class='ocrx_word' id='word_1_164' title='bbox 26 3102 95 3164; x_wconf 79' lang='lat' dir='ltr'><strong>gaium</strong></span> <span class='ocrx_word' id='word_1_165' title='bbox 107 3109 282 3156; x_wconf 78' lang='lat' dir='ltr'><strong>nostrarum</strong></span> <span class='ocrx_word' id='word_1_166' title='bbox 293 3101 398 3154; x_wconf 83' lang='lat' dir='ltr'><strong>illatum</strong></span> <span class='ocrx_word' id='word_1_167' title='bbox 407 3101 456 3166; x_wconf 86' lang='lat' dir='ltr'><strong>sit,</strong></span> <span class='ocrx_word' id='word_1_168' title='bbox 468 3116 550 3153; x_wconf 85' lang='lat' dir='ltr'><strong>nemo</strong></span> <span class='ocrx_word' id='word_1_169' title='bbox 563 3100 727 3169; x_wconf 80' lang='lat' dir='ltr'><strong>assequitur3</strong></span> <span class='ocrx_word' id='word_1_170' title='bbox 743 3107 810 3170; x_wconf 89' lang='lat' dir='ltr'><strong>puto</strong></span> <span class='ocrx_word' id='word_1_171' title='bbox 824 3106 852 3152; x_wconf 89' lang='lat' dir='ltr'><strong>et</strong></span> <span class='ocrx_word' id='word_1_172' title='bbox 865 3099 1055 3156; x_wconf 73' lang='lat' dir='ltr'><strong>naturalium</strong></span> 
     </span>
     <span class='ocr_line' id='line_1_23' title="bbox 24 3183 1056 3252; baseline 0 -14"><span class='ocrx_word' id='word_1_173' title='bbox 24 3188 44 3232; x_wconf 90' lang='lat' dir='ltr'><strong>et</strong></span> <span class='ocrx_word' id='word_1_174' title='bbox 55 3193 239 3249; x_wconf 78' lang='lat' dir='ltr'><strong>nostrarum,</strong></span> <span class='ocrx_word' id='word_1_175' title='bbox 257 3201 318 3239; x_wconf 87' lang='lat' dir='ltr'><strong>oum</strong></span> <span class='ocrx_word' id='word_1_176' title='bbox 329 3184 397 3239; x_wconf 88' lang='lat' dir='ltr'><strong>iilud</strong></span> <span class='ocrx_word' id='word_1_177' title='bbox 413 3184 542 3252; x_wconf 68' lang='lat' dir='ltr'><strong>milium,</strong></span> <span class='ocrx_word' id='word_1_178' title='bbox 559 3183 613 3240; x_wconf 88' lang='lat' dir='ltr'><strong>hoc</strong></span> <span class='ocrx_word' id='word_1_179' title='bbox 624 3191 753 3240; x_wconf 67' lang='lat' dir='ltr'><strong>reiorum</strong></span> <span class='ocrx_word' id='word_1_180' title='bbox 769 3184 915 3250; x_wconf 84' lang='lat' dir='ltr'><strong>scribatur,</strong></span> <span class='ocrx_word' id='word_1_181' title='bbox 936 3201 972 3238; x_wconf 89' lang='lat' dir='ltr'><strong>ex</strong></span> <span class='ocrx_word' id='word_1_182' title='bbox 983 3183 1056 3238; x_wconf 84' lang='lat' dir='ltr'><strong>male</strong></span> 
     </span>
     <span class='ocr_line' id='line_1_24' title="bbox 23 3260 1055 3341; baseline 0.01 -28"><span class='ocrx_word' id='word_1_183' title='bbox 23 3260 143 3326; x_wconf 88' lang='lat' dir='ltr'><strong>intellecta</strong></span> <span class='ocrx_word' id='word_1_184' title='bbox 159 3271 299 3341; x_wconf 83' lang='lat' dir='ltr'><strong>scriptura</strong></span> <span class='ocrx_word' id='word_1_185' title='bbox 312 3276 443 3326; x_wconf 73' lang='lat' dir='ltr'><strong>oetmm</strong></span> <span class='ocrx_word' id='word_1_186' title='bbox 456 3277 517 3324; x_wconf 85' lang='lat' dir='ltr'><strong>ortu</strong></span> <span class='ocrx_word' id='word_1_187' title='bbox 530 3287 599 3328; x_wconf 83' lang='lat' dir='ltr'><strong>esse.</strong></span> <span class='ocrx_word' id='word_1_188' title='bbox 621 3268 690 3324; x_wconf 71' lang='lat' dir='ltr'><strong>*lure</strong></span> <span class='ocrx_word' id='word_1_189' title='bbox 701 3277 873 3325; x_wconf 80' lang='lat' dir='ltr'><strong>nostrorum</strong></span> <span class='ocrx_word' id='word_1_190' title='bbox 889 3269 1055 3340; x_wconf 79' lang='lat' dir='ltr'><strong>improbavit</strong></span> 
     </span>
     <span class='ocr_line' id='line_1_25' title="bbox 22 3347 1054 3426; baseline 0.007 -24"><span class='ocrx_word' id='word_1_191' title='bbox 22 3347 155 3424; x_wconf 79' lang='lat' dir='ltr'><strong>Comedus,</strong></span> <span class='ocrx_word' id='word_1_192' title='bbox 180 3355 230 3426; x_wconf 88' lang='lat' dir='ltr'><strong>qni</strong></span> <span class='ocrx_word' id='word_1_193' title='bbox 254 3357 367 3410; x_wconf 77' lang='lat' dir='ltr'><strong>annales</strong></span> <span class='ocrx_word' id='word_1_194' title='bbox 384 3356 468 3410; x_wconf 83' lang='lat' dir='ltr'><strong>Attici</strong></span> <span class='ocrx_word' id='word_1_195' title='bbox 492 3371 548 3408; x_wconf 89' lang='lat' dir='ltr'><strong>uon</strong></span> <span class='ocrx_word' id='word_1_196' title='bbox 571 3371 617 3410; x_wconf 88' lang='lat' dir='ltr'><strong>res</strong></span> <span class='ocrx_word' id='word_1_197' title='bbox 633 3355 773 3410; x_wconf 82' lang='lat' dir='ltr'><strong>Romanas</strong></span> <span class='ocrx_word' id='word_1_198' title='bbox 797 3355 871 3410; x_wconf 80' lang='lat' dir='ltr'><strong>solen</strong></span> <span class='ocrx_word' id='word_1_199' title='bbox 894 3353 1054 3424; x_wconf 86' lang='lat' dir='ltr'><strong>complexos</strong></span> 
     </span>
     <span class='ocr_line' id='line_1_26' title="bbox 21 3437 1053 3510; baseline 0.007 -25"><span class='ocrx_word' id='word_1_200' title='bbox 21 3448 69 3489; x_wconf 86' lang='lat' dir='ltr'><strong>esse</strong></span> <span class='ocrx_word' id='word_1_201' title='bbox 84 3449 206 3510; x_wconf 80' lang='lat' dir='ltr'><strong>putaret.</strong></span> <span class='ocrx_word' id='word_1_202' title='bbox 231 3439 302 3494; x_wconf 85' lang='lat' dir='ltr'><strong>Huic</strong></span> <span class='ocrx_word' id='word_1_203' title='bbox 317 3441 479 3496; x_wconf 80' lang='lat' dir='ltr'><strong>adversatus</strong></span> <span class='ocrx_word' id='word_1_204' title='bbox 491 3437 625 3510; x_wconf 88' lang='lat' dir='ltr'><strong>Meyerus</strong></span> <span class='ocrx_word' id='word_1_205' title='bbox 643 3439 679 3494; x_wconf 86' lang='lat' dir='ltr'><strong>ad</strong></span> <span class='ocrx_word' id='word_1_206' title='bbox 696 3440 766 3508; x_wconf 71' lang='lat' dir='ltr'><strong>od,</strong></span> <span class='ocrx_word' id='word_1_207' title='bbox 782 3441 822 3496; x_wconf 84' lang='grc'><strong>14.</strong></span> <span class='ocrx_word' id='word_1_208' title='bbox 839 3456 898 3494; x_wconf 87' lang='lat' dir='ltr'><strong>rem</strong></span> <span class='ocrx_word' id='word_1_209' title='bbox 915 3455 972 3494; x_wconf 90' lang='lat' dir='ltr'><strong>non</strong></span> <span class='ocrx_word' id='word_1_210' title='bbox 989 3455 1053 3510; x_wconf 87' lang='lat' dir='ltr'><strong>pro·</strong></span> 
     </span>
     <span class='ocr_line' id='line_1_27' title="bbox 19 3514 449 3596; baseline 0.016 -23"><span class='ocrx_word' id='word_1_211' title='bbox 19 3514 93 3590; x_wconf 78' lang='lat' dir='ltr'><strong>iavit,</strong></span> <span class='ocrx_word' id='word_1_212' title='bbox 110 3526 162 3580; x_wconf 88' lang='lat' dir='ltr'><strong>sed</strong></span> <span class='ocrx_word' id='word_1_213' title='bbox 179 3527 272 3596; x_wconf 87' lang='lat' dir='ltr'><strong>posuit</strong></span> <span class='ocrx_word' id='word_1_214' title='bbox 288 3533 400 3580; x_wconf 77' lang='lat' dir='ltr'><strong>tanmm.</strong></span> <span class='ocrx_word' id='word_1_215' title='bbox 413 3555 449 3567; x_wconf 94' lang='lat'>—</span> 
     </span>
    </p>

    <p class='ocr_par' dir='ltr' id='par_1_6' title="bbox 18 3605 1054 3767">
     <span class='ocr_line' id='line_1_28' title="bbox 73 3605 1053 3684; baseline 0 -21"><span class='ocrx_word' id='word_1_216' title='bbox 73 3608 115 3663; x_wconf 73' lang='lat'><strong>20.</strong></span> <span class='ocrx_word' id='word_1_217' title='bbox 148 3609 230 3665; x_wconf 74' lang='lat' dir='ltr'><strong>milri</strong></span> <span class='ocrx_word' id='word_1_218' title='bbox 246 3612 349 3684; x_wconf 81' lang='lat' dir='ltr'><strong>nuper]</strong></span> <span class='ocrx_word' id='word_1_219' title='bbox 367 3611 424 3666; x_wconf 86' lang='lat' dir='ltr'><strong>inv.</strong></span> <span class='ocrx_word' id='word_1_220' title='bbox 442 3609 549 3681; x_wconf 48' lang='lat'>1420.</span> <span class='ocrx_word' id='word_1_221' title='bbox 566 3610 609 3665; x_wconf 84' lang='lat'><strong>51.</strong></span> <span class='ocrx_word' id='word_1_222' title='bbox 628 3608 671 3663; x_wconf 88' lang='lat' dir='ltr'><strong>ed.</strong></span> <span class='ocrx_word' id='word_1_223' title='bbox 685 3625 725 3678; x_wconf 88' lang='lat' dir='ltr'><strong>pr.</strong></span> <span class='ocrx_word' id='word_1_224' title='bbox 738 3639 772 3649; x_wconf 93' lang='lat'>-</span> <span class='ocrx_word' id='word_1_225' title='bbox 796 3605 991 3676; x_wconf 66' lang='lat' dir='ltr'><strong>inchoantem]</strong></span> <span class='ocrx_word' id='word_1_226' title='bbox 1007 3610 1053 3663; x_wconf 80' lang='lat' dir='ltr'><strong>in-</strong></span> 
     </span>
     <span class='ocr_line' id='line_1_29' title="bbox 18 3687 1054 3767; baseline 0.006 -27"><span class='ocrx_word' id='word_1_227' title='bbox 18 3687 151 3751; x_wconf 77' lang='lat' dir='ltr'><strong>codaoioti</strong></span> <span class='ocrx_word' id='word_1_228' title='bbox 160 3695 236 3752; x_wconf 81' lang='lat' dir='ltr'><strong>Ven.</strong></span> <span class='ocrx_word' id='word_1_229' title='bbox 246 3697 287 3761; x_wconf 89' lang='lat' dir='ltr'><strong>l.;</strong></span> <span class='ocrx_word' id='word_1_230' title='bbox 304 3695 388 3767; x_wconf 80' lang='lat' dir='ltr'><strong>vulgo</strong></span> <span class='ocrx_word' id='word_1_231' title='bbox 399 3693 549 3750; x_wconf 72' lang='lat' dir='ltr'><strong>inchoasti</strong></span> <span class='ocrx_word' id='word_1_232' title='bbox 559 3693 778 3749; x_wconf 83' lang='lat' dir='ltr'><strong>dissentientibus</strong></span> <span class='ocrx_word' id='word_1_233' title='bbox 787 3693 864 3748; x_wconf 86' lang='lat' dir='ltr'><strong>libris</strong></span> <span class='ocrx_word' id='word_1_234' title='bbox 875 3691 1008 3748; x_wconf 86' lang='lat' dir='ltr'><strong>omnibus.</strong></span> <span class='ocrx_word' id='word_1_235' title='bbox 1018 3721 1054 3732; x_wconf 88' lang='lat'><em>-</em></span> 
     </span>
    </p>

    <p class='ocr_par' dir='ltr' id='par_1_7' title="bbox 18 3775 1054 4362">
     <span class='ocr_line' id='line_1_30' title="bbox 56 3775 1054 3854; baseline -0.001 -23"><span class='ocrx_word' id='word_1_236' title='bbox 56 3817 59 3820; x_wconf 88' lang='lat'>-</span> <span class='ocrx_word' id='word_1_237' title='bbox 74 3777 114 3836; x_wconf 77' lang='lat'><strong>21.</strong></span> <span class='ocrx_word' id='word_1_238' title='bbox 152 3783 182 3835; x_wconf 77' lang='lat' dir='ltr'><strong>oi</strong></span> <span class='ocrx_word' id='word_1_239' title='bbox 196 3783 336 3854; x_wconf 80' lang='lat' dir='ltr'><strong>potuero]</strong></span> <span class='ocrx_word' id='word_1_240' title='bbox 355 3797 422 3853; x_wconf 82' lang='lat' dir='ltr'><strong>oum</strong></span> <span class='ocrx_word' id='word_1_241' title='bbox 432 3786 494 3853; x_wconf 82' lang='lat' dir='ltr'><strong>pot.</strong></span> <span class='ocrx_word' id='word_1_242' title='bbox 513 3780 556 3835; x_wconf 88' lang='lat' dir='ltr'><strong>ed.</strong></span> <span class='ocrx_word' id='word_1_243' title='bbox 569 3797 609 3850; x_wconf 90' lang='lat' dir='ltr'><strong>pr.</strong></span> <span class='ocrx_word' id='word_1_244' title='bbox 644 3775 774 3838; x_wconf 80' lang='lat' dir='ltr'><strong>Potuero</strong></span> <span class='ocrx_word' id='word_1_245' title='bbox 793 3785 835 3834; x_wconf 82' lang='lat' dir='ltr'><strong>est</strong></span> <span class='ocrx_word' id='word_1_246' title='bbox 851 3779 879 3833; x_wconf 91' lang='lat' dir='ltr'><strong>in</strong></span> <span class='ocrx_word' id='word_1_247' title='bbox 891 3777 941 3849; x_wconf 83' lang='lat' dir='ltr'><strong>Lg.</strong></span> <span class='ocrx_word' id='word_1_248' title='bbox 956 3777 997 3832; x_wconf 76' lang='lat'><strong>20.</strong></span> <span class='ocrx_word' id='word_1_249' title='bbox 1008 3776 1054 3830; x_wconf 76' lang='lat'><strong>35.</strong></span> 
     </span>
     <span class='ocr_line' id='line_1_31' title="bbox 18 3853 1053 3935; baseline 0.007 -27"><span class='ocrx_word' id='word_1_250' title='bbox 18 3853 72 3914; x_wconf 81' lang='lat' dir='ltr'><strong>Ven.</strong></span> <span class='ocrx_word' id='word_1_251' title='bbox 86 3865 108 3919; x_wconf 91' lang='lat' dir='ltr'><strong>l.</strong></span> <span class='ocrx_word' id='word_1_252' title='bbox 122 3865 148 3918; x_wconf 69' lang='grc'><strong>5.</strong></span> <span class='ocrx_word' id='word_1_253' title='bbox 164 3862 261 3920; x_wconf 82' lang='lat' dir='ltr'><strong>ottob.</strong></span> <span class='ocrx_word' id='word_1_254' title='bbox 295 3863 347 3920; x_wconf 80' lang='lat' dir='ltr'><strong>Est</strong></span> <span class='ocrx_word' id='word_1_255' title='bbox 366 3865 490 3920; x_wconf 81' lang='lat' dir='ltr'><strong>confusio</strong></span> <span class='ocrx_word' id='word_1_256' title='bbox 508 3872 659 3935; x_wconf 87' lang='lat' dir='ltr'><strong>perpetua,</strong></span> <span class='ocrx_word' id='word_1_257' title='bbox 676 3881 703 3918; x_wconf 86' lang='lat' dir='ltr'><strong>v.</strong></span> <span class='ocrx_word' id='word_1_258' title='bbox 717 3863 821 3921; x_wconf 79' lang='lat' dir='ltr'><strong>comm.</strong></span> <span class='ocrx_word' id='word_1_259' title='bbox 836 3865 881 3918; x_wconf 74' lang='lat' dir='ltr'><strong>Gr.</strong></span> <span class='ocrx_word' id='word_1_260' title='bbox 900 3863 936 3916; x_wconf 84' lang='lat' dir='ltr'><strong>ed</strong></span> <span class='ocrx_word' id='word_1_261' title='bbox 953 3863 988 3916; x_wconf 86' lang='lat' dir='ltr'><strong>de</strong></span> <span class='ocrx_word' id='word_1_262' title='bbox 1003 3859 1053 3916; x_wconf 84' lang='lat' dir='ltr'><strong>Or.</strong></span> 
     </span>
     <span class='ocr_line' id='line_1_32' title="bbox 18 3937 1052 4016; baseline -0.006 -16"><span class='ocrx_word' id='word_1_263' title='bbox 18 3937 41 3997; x_wconf 72' lang='grc' dir='ltr'><strong>ΙΙ.</strong></span> <span class='ocrx_word' id='word_1_264' title='bbox 56 3946 102 4014; x_wconf 74' lang='lat'><strong>20,</strong></span> <span class='ocrx_word' id='word_1_265' title='bbox 118 3949 170 4016; x_wconf 75' lang='lat'><strong>853</strong></span> <span class='ocrx_word' id='word_1_266' title='bbox 190 3949 227 4004; x_wconf 88' lang='lat' dir='ltr'><strong>de</strong></span> <span class='ocrx_word' id='word_1_267' title='bbox 245 3952 382 4006; x_wconf 86' lang='lat' dir='ltr'><strong>sententia</strong></span> <span class='ocrx_word' id='word_1_268' title='bbox 399 3957 490 4004; x_wconf 79' lang='lat' dir='ltr'><strong>autem</strong></span> <span class='ocrx_word' id='word_1_269' title='bbox 507 3949 589 4002; x_wconf 82' lang='lat' dir='ltr'><strong>iictori</strong></span> <span class='ocrx_word' id='word_1_270' title='bbox 606 3943 799 4002; x_wconf 76' lang='lat' dir='ltr'><strong>exostiKiosu.</strong></span> <span class='ocrx_word' id='word_1_271' title='bbox 816 3947 845 3998; x_wconf 90' lang='lat' dir='ltr'><strong>in</strong></span> <span class='ocrx_word' id='word_1_272' title='bbox 865 3942 1052 3999; x_wconf 80' lang='lat' dir='ltr'><strong>Cic.Tusc.1.</strong></span> 
     </span>
     <span class='ocr_line' id='line_1_33' title="bbox 18 4024 1054 4102; baseline -0.005 -17"><span class='ocrx_word' id='word_1_273' title='bbox 18 4025 121 4094; x_wconf 75' lang='lat' dir='ltr'><strong>t3‚10³.</strong></span> <span class='ocrx_word' id='word_1_274' title='bbox 153 4033 269 4090; x_wconf 83' lang='lat' dir='ltr'><strong>Potero</strong></span> <span class='ocrx_word' id='word_1_275' title='bbox 287 4034 383 4092; x_wconf 75' lang='lat' dir='ltr'><strong>hamb.</strong></span> <span class='ocrx_word' id='word_1_276' title='bbox 400 4033 468 4090; x_wconf 78' lang='lat' dir='ltr'><strong>Ern.</strong></span> <span class='ocrx_word' id='word_1_277' title='bbox 482 4032 575 4087; x_wconf 86' lang='lat' dir='ltr'><strong>Wetn.</strong></span> <span class='ocrx_word' id='word_1_278' title='bbox 591 4031 719 4088; x_wconf 73' lang='lat' dir='ltr'><strong>Schuetz.</strong></span> <span class='ocrx_word' id='word_1_279' title='bbox 732 4062 767 4076; x_wconf 92' lang='lat'><em>-</em></span> <span class='ocrx_word' id='word_1_280' title='bbox 783 4027 925 4102; x_wconf 77' lang='lat' dir='ltr'><strong>paredum]</strong></span> <span class='ocrx_word' id='word_1_281' title='bbox 939 4024 1054 4097; x_wconf 76' lang='lat' dir='ltr'><strong>paulo·</strong></span> 
     </span>
     <span class='ocr_line' id='line_1_34' title="bbox 18 4107 1052 4190; baseline -0.012 -16"><span class='ocrx_word' id='word_1_282' title='bbox 18 4107 64 4174; x_wconf 73' lang='lat' dir='ltr'><strong>om</strong></span> <span class='ocrx_word' id='word_1_283' title='bbox 75 4115 125 4190; x_wconf 78' lang='lat' dir='ltr'><strong>ng.</strong></span> <span class='ocrx_word' id='word_1_284' title='bbox 137 4118 184 4174; x_wconf 78' lang='lat' dir='ltr'><strong>uc.</strong></span> <span class='ocrx_word' id='word_1_285' title='bbox 197 4119 240 4173; x_wconf 86' lang='lat' dir='ltr'><strong>uo.</strong></span> <span class='ocrx_word' id='word_1_286' title='bbox 252 4119 295 4174; x_wconf 72' lang='lat' dir='ltr'><strong>eu.</strong></span> <span class='ocrx_word' id='word_1_287' title='bbox 308 4135 365 4189; x_wconf 56' lang='grc' dir='ltr'><strong>μω</strong></span> <span class='ocrx_word' id='word_1_288' title='bbox 385 4118 408 4173; x_wconf 84' lang='grc' dir='ltr'><strong>ιι</strong></span> <span class='ocrx_word' id='word_1_289' title='bbox 422 4119 450 4172; x_wconf 84' lang='lat' dir='ltr'><strong>m</strong></span> <span class='ocrx_word' id='word_1_290' title='bbox 463 4117 539 4172; x_wconf 81' lang='lat' dir='ltr'><strong>uuum</strong></span> <span class='ocrx_word' id='word_1_291' title='bbox 553 4115 678 4176; x_wconf 69' lang='lat' dir='ltr'><strong>uuord-</strong></span> <span class='ocrx_word' id='word_1_292' title='bbox 694 4109 1052 4186; x_wconf 74' lang='lat' dir='ltr'><strong>fidelissumi—optumo]</strong></span> 
     </span>
     <span class='ocr_line' id='line_1_35' title="bbox 18 4189 1052 4274; baseline 0 -28"><span class='ocrx_word' id='word_1_293' title='bbox 18 4195 43 4248; x_wconf 86' lang='lat' dir='ltr'><strong>uie</strong></span> <span class='ocrx_word' id='word_1_294' title='bbox 65 4199 115 4274; x_wconf 84' lang='lat' dir='ltr'><strong>Lg.</strong></span> <span class='ocrx_word' id='word_1_295' title='bbox 134 4203 179 4257; x_wconf 80' lang='grc'><strong>35.</strong></span> <span class='ocrx_word' id='word_1_296' title='bbox 198 4201 241 4259; x_wconf 76' lang='grc'><strong>39.</strong></span> <span class='ocrx_word' id='word_1_297' title='bbox 264 4203 307 4257; x_wconf 88' lang='grc'><strong>51.</strong></span> <span class='ocrx_word' id='word_1_298' title='bbox 325 4203 367 4259; x_wconf 81' lang='grc'><strong>58.</strong></span> <span class='ocrx_word' id='word_1_299' title='bbox 390 4203 439 4260; x_wconf 81' lang='grc'><strong>68.</strong></span> <span class='ocrx_word' id='word_1_300' title='bbox 453 4203 496 4258; x_wconf 85' lang='grc'><strong>70.</strong></span> <span class='ocrx_word' id='word_1_301' title='bbox 528 4199 600 4256; x_wconf 80' lang='lat' dir='ltr'><strong>ven.</strong></span> <span class='ocrx_word' id='word_1_302' title='bbox 620 4201 645 4255; x_wconf 93' lang='lat' dir='ltr'><strong>l.</strong></span> <span class='ocrx_word' id='word_1_303' title='bbox 664 4197 722 4256; x_wconf 85' lang='lat' dir='ltr'><strong>om.</strong></span> <span class='ocrx_word' id='word_1_304' title='bbox 747 4199 797 4268; x_wconf 50' lang='lat' dir='ltr'><strong>ita¹</strong></span> <span class='ocrx_word' id='word_1_305' title='bbox 811 4212 882 4252; x_wconf 89' lang='lat' dir='ltr'><strong>corr.</strong></span> <span class='ocrx_word' id='word_1_306' title='bbox 899 4193 943 4248; x_wconf 85' lang='grc'><strong>53.</strong></span> <span class='ocrx_word' id='word_1_307' title='bbox 965 4189 1052 4247; x_wconf 83' lang='lat' dir='ltr'><strong>¹Mox</strong></span> 
     </span>
     <span class='ocr_line' id='line_1_36' title="bbox 18 4275 1051 4362; baseline -0.005 -21"><span class='ocrx_word' id='word_1_308' title='bbox 18 4290 206 4347; x_wconf 68' lang='lat' dir='ltr'><strong>marsosum</strong></span> <span class='ocrx_word' id='word_1_309' title='bbox 223 4295 251 4344; x_wconf 84' lang='lat' dir='ltr'><strong>et</strong></span> <span class='ocrx_word' id='word_1_310' title='bbox 265 4291 477 4362; x_wconf 77' lang='lat' dir='ltr'><strong>coptosiecume</strong></span> <span class='ocrx_word' id='word_1_311' title='bbox 493 4285 544 4356; x_wconf 72' lang='lat' dir='ltr'><strong>lug.</strong></span> <span class='ocrx_word' id='word_1_312' title='bbox 559 4281 586 4342; x_wconf 85' lang='grc'><strong>8.</strong></span> <span class='ocrx_word' id='word_1_313' title='bbox 597 4285 638 4339; x_wconf 83' lang='grc'><strong>51.</strong></span> <span class='ocrx_word' id='word_1_314' title='bbox 653 4281 763 4348; x_wconf 59' lang='lat' dir='ltr'><strong>Onoba</strong></span> <span class='ocrx_word' id='word_1_315' title='bbox 780 4281 834 4362; x_wconf 81' lang='lat' dir='ltr'><strong>icoc</strong></span> <span class='ocrx_word' id='word_1_316' title='bbox 850 4281 933 4352; x_wconf 80' lang='lat' dir='ltr'><strong>etiarn</strong></span> <span class='ocrx_word' id='word_1_317' title='bbox 944 4276 997 4350; x_wconf 81' lang='lat' dir='ltr'><strong>Lg.</strong></span> <span class='ocrx_word' id='word_1_318' title='bbox 1008 4275 1051 4336; x_wconf 71' lang='lat' dir='ltr'><strong>no.</strong></span> 
     </span>
    </p>
   </div>
   <div class='ocr_carea' id='block_1_6' title="bbox 800 4383 839 4448">
    <p class='ocr_par' dir='ltr' id='par_1_8' title="bbox 800 4383 839 4448">
     <span class='ocr_line' id='line_1_37' title="bbox 800 4383 839 4448; baseline 0 0"><span class='ocrx_word' id='word_1_319' title='bbox 800 4383 839 4448; x_wconf 91' lang='lat' dir='ltr'><strong>ll</strong></span> 
     </span>
    </p>
   </div>
   <div class='ocr_carea' id='block_1_7' title="bbox 0 0 1334 4776">
    <p class='ocr_par' dir='ltr' id='par_1_9' title="bbox 0 0 1334 4776">
     <span class='ocr_line' id='line_1_38' title="bbox 0 0 1334 4776; baseline 0 8"><span class='ocrx_word' id='word_1_320' title='bbox 0 0 1334 4776; x_wconf 95' lang='lat' dir='ltr'><strong> </strong></span> 
     </span>
    </p>
   </div>
  </div>
 </body>
</html>
