2640 4780
355 403 551 473 BRUTUS
580 405 669 474 CAP.
692 405 744 475 56.
974 409 1072 481 240

39 575 66 639 in
102 589 262 640 acerrumo
295 573 423 659 ingenio
456 572 650 662 Theopompi
685 584 715 642 et
746 553 918 641 lenissumo
954 569 1072 664 Ephori

40 692 146 758 dixisse
173 691 318 758 traditum
347 699 411 771 est,
440 692 531 759 alteri
560 713 596 761 se
625 693 767 760 calcaria
788 691 953 772 adhibere,
981 694 1073 761 alteri

40 810 143 876 irenos.
185 809 258 876 205.
283 807 413 898 ¹Sulpici
442 813 602 877 orationes
620 831 708 898 ,quoe
737 812 894 890 feruntur,
921 829 977 877 eas
1003 822 1074 899 post

40 938 154 994 mortem
178 930 247 994 eius
266 931 432 1016 scripsisse
449 927 484 993 P.
505 925 655 995 Canutius
677 939 799 1017 putatur
821 927 964 1016 aequalis
985 949 1073 998 meus

40 1044 120 1113 bomo
145 1057 234 1113 extra
262 1056 400 1113 nostrum
427 1047 568 1113 ordinem
596 1067 666 1113 meo
688 1047 806 1113 iudicio
827 1047 1071 1116 disertissumus.
1101 1055 1111 1082 ³

38 1161 127 1250 Ipsius
151 1163 273 1253 Sulpici
298 1163 387 1232 nulla
414 1167 515 1232 oratio
543 1174 607 1232 est:
638 1185 795 1253 saepeque
824 1187 863 1232 ex
890 1187 928 1233 eo
957 1167 1072 1246 audivi,

39 1301 97 1346 cum
128 1302 163 1350 se
197 1283 336 1350 scribere
369 1303 469 1370 neque
503 1303 675 1350 consuesse
700 1303 800 1370 neque
823 1304 918 1372 posse
945 1285 1071 1352 diceret.
1152 1265 1155 1272 ¹

40 1396 136 1468 Cottae
156 1422 214 1489 pro
237 1421 272 1468 se
293 1401 366 1487 lege
385 1398 484 1468 Varia
501 1421 581 1489 quae
597 1401 792 1482 inscribitur,
814 1422 884 1469 eam
905 1399 942 1470 L.
960 1403 1072 1470 Aelius

39 1521 151 1606 scripsit
172 1517 283 1586 Cottae
311 1529 433 1605 rogatu.
475 1518 543 1587 Fuit
571 1523 600 1587 is
628 1523 753 1588 omnino
773 1523 823 1589 uir
847 1523 1011 1607 egregius,
1042 1531 1073 1588 et

38 1655 122 1722 eques
139 1637 300 1705 Romanus
323 1657 392 1704 oum
409 1640 518 1725 primis
539 1637 704 1718 honestus,
728 1639 871 1726 idemque
888 1641 1073 1705 eruditissu-

38 1773 95 1820 nus
122 1765 152 1822 ct
176 1755 309 1823 Graecis
334 1755 435 1822 literis
465 1765 495 1822 et
516 1753 639 1822 Latinis
667 1759 921 1843 antiquitatisque
944 1769 1072 1826 nostrae

39 1881 63 1937 et
88 1875 118 1938 in
145 1876 281 1942 inuentis
309 1873 404 1940 rebus
438 1883 481 1940 et·
496 1875 529 1939 in
559 1877 639 1942 actis
655 1877 911 1962 ‘scriptorumque
933 1885 1072 1942 ueterum

37 1987 148 2059 literate
176 1995 308 2080 peritus:
340 2011 433 2080 quem
463 1993 627 2058 scientiam
651 1989 752 2058 Varro
778 2001 887 2058 noster
913 2003 1073 2079 acceptam

37 2107 70 2172 ab
90 2110 144 2178 illo
168 2119 352 2198 auctamque
374 2129 431 2197 per
450 2129 537 2188 sese,
566 2111 615 2176 uir
636 2111 763 2194 ingenio
786 2111 951 2196 praestans
974 2113 1074 2176 omni-

36 2245 85 2311 que
106 2229 265 2307 doctrina,
293 2227 434 2315 pluribus
465 2237 496 2293 et
522 2225 745 2294 illustrioribus
771 2226 872 2292 literis
896 2227 1072 2314 explicavit.

35 2343 98 2411 206.
127 2345 196 2412 Sed
217 2345 301 2412 idem
322 2344 434 2412 Aelius
458 2343 583 2412 Stoicus
607 2365 679 2412 esse
700 2346 811 2424 voluit,
842 2355 949 2411 orator
970 2355 1072 2413 autem

36 2483 86 2532 uec
112 2465 229 2531 studuit
249 2483 385 2550 uuquam
405 2483 465 2530 nec
486 2464 552 2530 suit.
596 2463 756 2530 scribebat
776 2474 881 2529 tamen
903 2467 1072 2544 orationes,

37 2603 106 2668 quas
129 2583 187 2650 alii
209 2581 363 2658 dicerent,
392 2591 424 2648 ut
446 2580 483 2660 Q.
504 2579 649 2662 Metello,
675 2591 708 2648 ut
730 2581 767 2661 Q.
791 2579 956 2670 Caepioni,
978 2591 1011 2648 ut
1032 2581 1071 2664 Q.

35 2698 174 2789 Pompeio
193 2699 289 2767 Ruso.
313 2719 489 2787 quanquam
504 2701 650 2765 isonam
670 2702 738 2786 ipse
758 2703 883 2786 scripsit
907 2719 980 2778 eas,
1004 2703 1073 2786 qui-

35 2816 85 2886 bus
106 2840 164 2908 pro
187 2838 222 2886 se
244 2825 404 2898 estmoe,
427 2815 484 2881 sed
504 2836 568 2881 non
586 2819 654 2882 sine
676 2816 780 2882 Aelio.
824 2815 897 2882 207.
918 2815 968 2882 his
990 2820 1073 2885 enim

90 3003 138 3045 2⁰6.
151 3001 195 3049 ,Q.
208 2998 312 3052 Metello]
327 2999 355 3044 Q.
368 2997 463 3040 Metello
476 2998 500 3038 li.

36 3127 158 3178 sueodsse
174 3117 227 3172 Gn.
242 3119 265 3174 l.
284 3117 327 3171 ed.
343 3133 385 3187 pr.
398 3147 434 3156 -
451 3118 586 3190 scripsit]
603 3118 643 3170 sic
657 3129 751 3169 omues
768 3115 844 3179 lbrri3
862 3115 924 3169 edd.
940 3117 1074 3185 quaedem

35 3217 93 3261 vett.
112 3213 141 3260 et
159 3203 245 3258 Gron.
264 3201 383 3266 scribit,
408 3219 538 3272 perquam
561 3205 661 3274 inepte.
680 3230 715 3240 -
737 3201 797 3269 vir]
822 3207 855 3255 ud
872 3200 920 3256 Gn.
938 3203 963 3256 l.
981 3232 1015 3241 —
1043 3206 1075 3258 in

36 3291 168 3358 iuuentis]
189 3292 221 3343 iu
239 3305 292 3342 om.
311 3287 362 3342 Gu.
383 3289 406 3342 l.

95 3377 155 3432 206.
193 3391 255 3427 esse
277 3372 385 3440 uoluit]
409 3389 472 3425 esse
496 3389 548 3426 om.
571 3371 622 3427 Gn.
642 3373 666 3426 l.
688 3401 724 3414 —-
754 3371 870 3439 orator]
893 3375 1009 3426 oratori
1031 3371 1075 3427 ed.

36 3478 72 3530 pr.
84 3491 119 3505 »-
143 3460 177 3525 Q.
193 3457 327 3524 Metello]
346 3467 392 3512 aut
411 3457 569 3522 delendum,
590 3458 664 3526 quod
681 3459 758 3528 sequi
775 3459 861 3523 solet,
882 3456 932 3520 Ε,
952 3467 997 3510 aut
1014 3475 1075 3510 cunr

36 3543 164 3599 Lambino
182 3537 352 3599 scribendum
367 3541 525 3597 Balcurlcd
538 3543 572 3597 F.
600 3542 672 3597 Nam
687 3543 762 3613 quod
778 3541 930 3612 exemplum
946 3543 1076 3611 opposuit

37 3627 151 3684 Orellius
173 3648 209 3684 ex
233 3647 255 3683 c.
275 3629 324 3694 62,
341 3628 400 3682 222.
426 3627 459 3692 Q.
482 3627 619 3682 Catulum
635 3629 747 3698 filium,
772 3628 801 3680 id
824 3645 894 3681 vero
916 3636 1001 3682 totum
1023 3629 1076 3682 dis·

37 3716 126 3769 simile.
164 3715 210 3768 Sic
232 3714 324 3768 dicere
347 3714 444 3768 Cicero
469 3715 557 3783 potuit
582 3723 695 3784 propter
717 3720 823 3783 patrem
847 3717 872 3766 aa
894 3711 979 3766 filiunt
999 3715 1075 3768 viros

38 3799 194 3854 clarissimos
212 3805 240 3852 et
259 3799 355 3852 eodem
370 3799 452 3868 plane
470 3799 579 3852 nomine
595 3799 749 3867 praeditos,
767 3799 802 3856 Q.
818 3799 941 3854 Catulum
955 3800 1076 3853 Cimbro·
1152 3851 1154 3856 .

38 3898 89 3936 rurn
107 3901 166 3938 cum
182 3881 277 3938 Mario
298 3885 430 3937 victorem
449 3892 477 3936 et
498 3883 533 3940 Q.
553 3883 676 3937 Catulum
695 3884 845 3952 principem
863 3891 982 3936 senatus.
1019 3883 1077 3935 Sed

38 3965 141 4023 Metelli
157 3978 184 4023 et
200 3969 292 4038 plures
305 3968 412 4022 luerunt
430 3975 458 4021 et
475 3968 662 4038 agnominibus
680 3968 812 4031 distincti,
830 3967 1076 4022 occurreremus

39 4050 128 4123 Nepos
145 4053 285 4108 Balearici
303 4053 334 4107 F.
352 4071 407 4108 cos.
428 4069 452 4107 a.
470 4051 522 4106 656
539 4053 586 4107 vel
604 4052 639 4110 Q.
657 4051 789 4105 Metellus
808 4051 873 4103 Pius
889 4049 1026 4104 Numidici
1043 4049 1074 4104 F.

39 4137 103 4193 odeo
129 4139 196 4194 clari
220 4138 345 4204 luerunt,
375 4146 405 4191 ut
431 4137 508 4191 nulla
532 4145 599 4190 nota
624 4137 718 4190 addita
748 4135 863 4206 intelligi
888 4140 947 4190 uter
971 4133 1076 4187 dicetur

39 4224 127 4289 possit.
143 4253 180 4271 »-
203 4231 236 4282 ut
254 4221 289 4290 Q.
308 4221 467 4296 Pompeio]
486 4229 515 4278 et
536 4222 571 4290 Q.
591 4220 737 4296 Pompeio
757 4219 800 4275 ed.
818 4235 860 4291 pr.
