2676 4774
204 400 357 472 banus
379 401 677 484 succurritne
699 404 802 477 ROM.
824 405 933 478 urst.
1028 413 1092 485 ΙΙ

55 575 141 638 monio
162 581 228 640 snut
253 575 402 638 orcficncs
424 576 458 636 ds
476 578 651 642 Macedonio
674 579 820 642 liberando
840 576 909 660 (³⁰),
937 601 989 660 pro
1011 583 1092 644 Rbo-

53 677 197 752 crematos,
215 677 299 738 cuius
317 693 427 756 magna
440 695 512 760 pars
526 679 604 760 opud
617 679 744 744 Gellium
760 689 856 744 exstat
866 677 935 761 (³¹),
955 682 1092 744 demote-

52 797 122 838 cccco
144 773 332 857 minore(³²),
354 779 388 838 do
408 775 611 860 Acbcois(³³),
634 782 667 840 de
689 783 760 844 bollo
786 784 1038 863 Ganbopiuieuai(
1064 785 1089 864 ).

124 878 183 942 Sed
210 879 352 960 quricquid
379 880 435 943 illa
456 889 554 944 aetate
575 883 728 946 literarum
750 885 890 948 Romanis
912 884 1089 962 innotuerat,

50 979 76 1040 id
92 978 161 1042 Cato
180 979 403 1060 indefatigabili
420 982 516 1046 studio
534 985 669 1065 arripuit.
699 985 774 1048 Huic
790 987 865 1048 onim
881 986 1089 1064 Romanorum,

50 1080 72 1143 si
86 1080 254 1144 Ciceronem
273 1085 442 1165 exceperis,
458 1084 522 1146 iere
538 1085 589 1146 uui
606 1086 745 1164 contigit,
764 1094 811 1160 ut,
828 1103 892 1148 cum
909 1088 1090 1150 Graecarum

49 1179 187 1264 literarum
215 1185 255 1248 ad
284 1195 461 1250 senectutem
485 1203 579 1266 usque
608 1185 713 1248 inisset
742 1204 863 1269 expers,
892 1196 988 1250 tamen
1009 1195 1089 1250 artes

50 1298 137 1346 omnes
158 1287 293 1366 tetigerit
314 1297 343 1352 et
362 1288 502 1373 quicquid
523 1289 670 1368 tetigisset
687 1288 775 1350 etiam
791 1290 950 1352 ornaverit.
982 1287 1088 1370 ltaque

49 1381 103 1445 Ser.
130 1385 245 1450 Galbae
271 1391 317 1452 Μ.
334 1391 461 1454 Antonio
491 1390 617 1470 aliisque
643 1389 776 1471 plurimis
808 1390 899 1470 longe
928 1390 1086 1472 praestitit,

49 1484 90 1562 qut
110 1495 231 1572 propter
253 1499 381 1554 aetatem
403 1491 493 1572 louge
513 1491 667 1554 faciliores
689 1490 728 1552 ad
747 1490 851 1554 literas
874 1509 1010 1554 accessus
1031 1492 1086 1554 ba·

48 1583 134 1648 lentes
160 1597 259 1652 tamen
288 1599 338 1653 aut
363 1593 543 1672 ignorabant
563 1610 615 1654 eas
639 1600 689 1654 aut
709 1591 808 1654 dedita
831 1611 923 1674 opera
943 1609 1086 1674 asperna-

46 1684 147 1749 bantur.
190 1691 304 1754 Rerum
329 1695 404 1756 enim
430 1695 467 1756 ab
489 1694 601 1756 Italicis
623 1693 759 1774 populis,
788 1695 914 1756 maxime
935 1693 1085 1768 Romanis,

46 1795 181 1862 gestarum
213 1792 402 1856 mobrrmenta
435 1796 589 1876 Originum
620 1795 705 1858 libris
739 1794 876 1873 collegit,
914 1811 988 1874 qnos
1020 1794 1086 1856 inre

45 1889 191 1972 principem
211 1894 315 1958 locum
334 1896 364 1958 iu
384 1897 551 1976 antiquiore
566 1896 765 1958 Romanorum
781 1896 907 1958 historia
923 1894 1085 1956 obtinuisse

45 1997 146 2067 putant3
174 1994 211 2057 de
238 2013 276 2056 re
304 1997 426 2063 militari
456 1999 552 2078 perite
579 1998 734 2078 scripsisse
759 1996 900 2074 vegetius
920 1991 976 2073 (³5)
999 1994 1085 2056 docet

44 2107 128 2154 rerum
154 2097 345 2172 militarium,
373 2097 477 2178 quales
504 2107 573 2160 tunc
595 2098 718 2171 suerint,
745 2097 878 2158 notitiam
899 2095 1024 2156 sese-ab
1048 2111 1084 2156 eo

45 2197 189 2274 sumpsisse
206 2205 350 2273 testatus;
377 2201 538 2264 oratoriam
556 2207 648 2262 artem
664 2199 861 2262 Romanorum
880 2197 991 2277 primus
1012 2212 1084 2276 ape-

44 2292 93 2352 ruit
113 2313 165 2358 nce
193 2299 326 2362 fortasse
353 2301 398 2363 M.
425 2301 570 2376 Antonio,
599 2301 654 2382 qui·
680 2299 781 2362 seculo
809 2305 877 2380 post
902 2297 976 2371 init,
1006 2296 1083 2358 inie-

46 2391 95 2454 rius
110 2391 174 2476 (³⁶);
202 2400 342 2480 peritiam
369 2403 415 2463 rei
439 2405 569 2465 rusticae
591 2421 730 2464 summam
751 2409 780 2464 et
804 2398 963 2480 antiquitas
989 2398 1083 2459 omnis

46 2493 68 2552 ci
85 2498 183 2584 tribuit
205 2509 235 2564 ot
256 2501 333 2565 liber
353 2521 429 2564 nnnc
451 2504 546 2566 adim
568 2503 735 2577 confirmem
765 2497 901 2564 libellum
920 2499 957 2562 de
976 2499 1081 2560 liberis

45 2593 189 2664 educandis
211 2603 317 2664 Festus
345 2603 442 2664 multis
463 2605 537 2666 locis
565 2611 788 2676 commemcrct;
817 2617 935 2664 carmen
960 2600 996 2662 de
1017 2614 1082 2662 mo*

45 2695 127 2774 ribus,
149 2703 232 2782 qrrcd
251 2703 329 2766 idem
350 2714 572 2786 praeceptorum
595 2705 634 2766 ad
653 2705 745 2768 filium
764 2721 868 2766 nomen
890 2710 919 2765 et
937 2703 1081 2764 orationis

49 2815 248 2838 Ἣ

99 2878 143 2946 30)
163 2880 235 2936 Post
248 2881 354 2940 Persen
372 2902 465 2956 regern
485 2885 598 2948 victum,
615 2901 641 2936 v.
656 2883 714 2938 [riv.
731 2883 815 2937 XLV.
834 2883 873 2936 ΙῚ.
908 2881 1080 2936 Memoratur

45 2955 180 3026 Spartano
207 2967 236 3018 in
253 2967 393 3022 Hadriano
412 2970 436 3022 5.
470 2969 556 3022 Prisc.
574 2967 630 3020 vol.
648 2966 669 3022 l.
693 2986 718 3036 p.
740 2967 797 3020 108.
813 2966 848 3018 K.
936 2965 981 3032 31)
1008 2965 1079 3021 Geli.

45 3039 91 3100 Vll.
109 3048 134 3104 3.
173 3049 284 3104 Bellum
302 3052 417 3106 Rhodiis
442 3051 576 3116 instabat,
602 3051 674 3119 qtrod
696 3051 802 3104 Persen
827 3051 909 3104 tacite
932 3051 1079 3105 iuvissent:

44 3123 64 3180 id
75 3131 203 3204 dissuasit
217 3132 286 3188 Cato
301 3142 329 3189 et
342 3135 466 3206 pervicit.
552 3135 598 3204 32)
614 3135 683 3189 Geli.
697 3133 796 3190 thtt.
810 3135 834 3192 9.
855 3135 915 3190 XX.
932 3135 972 3190 ll.
991 3133 1079 3189 Prisc.

44 3214 87 3269 vot.
105 3217 124 3272 l.
149 3235 180 3288 p.
201 3217 257 3288 108.
276 3219 311 3274 K.
348 3219 431 3274 Dicta
453 3222 544 3276 oratio
567 3239 591 3276 a.
611 3220 670 3275 591.
707 3221 884 3276 Ptolemaeus
907 3219 1079 3280 Philometor

44 3299 196 3358 cltomunis
216 3305 312 3375 legatis
329 3307 356 3358 in
374 3323 487 3377 regnum
506 3308 643 3361 restitutus
662 3305 765 3373 fuerat,
789 3323 901 3376 quorum
919 3314 980 3361 eret
998 3313 1079 3360 vetus
1187 3303 1190 3308 ’

44 3379 140 3440 Catonis
155 3389 279 3444 inimicus
289 3391 427 3449 Thermus.
515 3392 559 3458 33)
572 3391 719 3446 Exsulibus
733 3392 915 3458 restituendis,
927 3391 997 3446 Geli.
1008 3390 1041 3444 ll.
1051 3392 1077 3447 6.

43 3463 80 3531 34)
97 3473 184 3528 3605
202 3473 304 3530 babitu.
339 3475 414 3531 Nou.
432 3493 460 3534 v.
480 3477 678 3532 colliscercat.
707 3475 1078 3532 Gett.1x.lr.ettortassa

43 3546 81 3604 lll.
96 3555 131 3612 ld.
150 3558 216 3613 item
234 3561 344 3616 Solinus
363 3579 385 3616 c.
398 3561 440 3617 30.
529 3563 574 3630 35)
593 3561 661 3630 Veg.
676 3559 696 3612 l.
711 3561 735 3614 8.
755 3559 789 3614 cf.
807 3559 879 3614 Pliu.
892 3559 980 3630 praei.
992 3559 1026 3628 Η.
1038 3558 1075 3615 Ν.

44 3632 103 3694 Gett.
120 3641 181 3697 Vll.
198 3647 223 3700 t.
311 3646 355 3713 36)
375 3645 487 3704 Quintil.
505 3647 552 3701 lll.
569 3645 605 3712 .l,
625 3643 663 3698 te.
699 3643 769 3698 ilinc
792 3642 871 3698 fluxit
888 3643 1012 3698 definitio
1030 3641 1078 3698 illa

44 3727 163 3794 cratoris,
190 3739 219 3784 nt
243 3731 277 3785 sit
296 3731 447 3786 virbonus
465 3723 572 3786 dicendi
594 3730 712 3802 peritus,
738 3747 817 3800 quarn
836 3731 922 3784 omnis
940 3739 1016 3784 aetas
1035 3747 1077 3784 se·

44 3818 117 3870 quens
139 3830 273 3870 consensu
297 3817 417 3888 recepit:
440 3817 683 3876 subornationem
706 3815 827 3884 pluribus
851 3815 933 3882 locis,
956 3815 1076 3870 Plinium

43 3885 72 3940 de
82 3907 128 3948 suu
144 3906 171 3952 et
180 3899 313 3956 Herennii
323 3903 485 3957 Senecionis
501 3901 635 3957 sententia
649 3917 711 3972 epp.
722 3899 769 3954 lV.
783 3899 838 3966 tc,
856 3901 966 3956 Curium
978 3900 1076 3954 Fortu·

43 3976 169 4036 batismum
187 3995 237 4041 art.
253 3986 322 4042 rhet.
340 3987 426 4042 schol.
438 3987 458 4045 l.
477 4005 505 4058 p.
518 3986 552 4040 53
569 3987 759 4057 Copperonn.‚
777 3984 874 4040 lsldoe.
889 3983 968 4054 Hisp.
981 3981 1075 4054 (brigg.

44 4051 72 4110 ll.
84 4059 106 4115 3.
190 4069 235 4138 37)
254 4072 372 4129 Nonius
390 4091 417 4130 v.
429 4091 507 4129 ‚asso
521 4089 607 4137 voce,
627 4090 655 4144 p.
669 4071 710 4125 77.
723 4067 812 4124 Mero.
831 4068 930 4123 librom
941 4065 1076 4122 Varronis

44 4153 225 4279 ⁰⁰¹:nnemorat
242 4158 356 4225 Catonis
372 4161 484 4215 nornine
501 4157 623 4223 dictnms
644 4157 716 4212 bunc
736 4154 817 4226 igitur
834 4155 933 4212 iniuria
952 4152 1012 4226 quis
1032 4152 1076 4240 bio

46 4238 74 4280 itt
86 4239 220 4298 artaretur.
