2676 4774
240 411 390 480 BREVlS
410 411 707 496 ELOQUENTIAE
730 414 833 484 ROM.
854 417 962 488 HlS'l'.
1069 425 1125 498 18

76 601 133 664 qne
166 585 298 663 augebat
329 585 541 649 Graeculorum
571 587 807 670 uaniloquentia,
840 599 872 653 ut
902 593 991 673 pauci
1019 601 1126 670 essent,

76 686 126 764 qui
152 687 367 748 transmarinas
396 695 430 776 et
450 687 630 752 adventiciae
658 697 736 752 artes
761 692 953 769 mirarentur,
971 711 1066 776 quam
1086 695 1124 758 ad

75 785 191 847 modum
212 787 247 850 P.
263 783 412 868 Sulpicius
435 773 537 852 Gallus
556 789 726 871 astrologus
748 790 834 864 lecit,
857 794 1015 874 pauciores
1036 797 1124 859 etiam

74 904 139 948 sese
179 887 319 950 didicisse
352 888 524 984 faterentur.
576 891 693 972 Populo
733 909 771 954 ne
808 892 1016 974 displicerent,
1056 913 1124 960 sese

74 989 181 1050 artium
219 991 357 1070 peritiam
395 991 596 1056 dissimulasse
632 993 776 1056 Antonias
816 1001 845 1056 et
883 993 1010 1060 Grassns
1045 995 1124 1078 apud

73 1088 311 1171 Gioeroueurtffl)
340 1101 511 1158 asseverant
541 1102 569 1155 et
595 1094 672 1156 hauc
697 1093 873 1175 popularem
899 1095 1066 1176 opinionem
1085 1095 1123 1160 ad

73 1189 228 1254 Gicarouis
269 1202 393 1258 aetatem
416 1195 574 1258 mansisse
611 1193 697 1256 huius
736 1195 902 1258 testimonio
936 1213 1007 1259 usus
1042 1195 1122 1260 haud

72 1293 200 1355 obscure
228 1295 359 1375 prodidit
385 1295 584 1373 Quintilianus
604 1290 666 1373 (⁴³).
720 1295 802 1370 Nec,
834 1297 892 1360 uisi
919 1297 963 1360 ita
992 1297 1121 1373 iecisset,

70 1394 207 1474 pluribus
238 1395 337 1460 uerbis
359 1396 464 1461 Gicerc
483 1399 514 1460 in
534 1397 684 1460 Archiam
706 1413 756 1474 se,
784 1397 864 1479 quod
884 1399 981 1480 poetis
1005 1406 1034 1462 et
1054 1400 1121 1481 phi·

70 1494 204 1576 losophis
236 1515 357 1578 operam
384 1497 481 1576 daret,
505 1485 697 1562 excusaturus
721 1506 794 1560 erat.
837 1499 951 1566 Mansit
976 1501 1069 1580 igitur
1089 1501 1121 1564 in

69 1595 222 1675 plurimis,
247 1615 325 1678 quae
343 1599 456 1673 iuerat,
478 1599 634 1664 iuuentutis
656 1597 821 1680 disciplina.
865 1601 1026 1682 Postquam
1043 1602 1119 1664 euim

68 1697 223 1760 literarum
255 1699 341 1762 initia
375 1701 437 1764 siue
463 1701 583 1782 legendi
609 1697 757 1762 scribendi
784 1699 915 1764 calculos
943 1701 1120 1784 supputandi

14 1883 15 1888 ἵ
69 1799 235 1862 rudimenta
264 1801 399 1881 pauculis
425 1809 579 1884 poetarum
609 1799 765 1865 uersiculis
796 1809 826 1864 et
854 1801 1008 1866 duodecim
1032 1803 1119 1866 tabu·

68 1899 163 1962 lorum
198 1903 328 1965 carmine
357 1903 512 1968 ediscendo
547 1903 763 1985 percepissent,
795 1910 910 1986 sumpta
936 1912 1010 1982 toga
1038 1904 1120 1968 uirili

69 2000 288 2064 deducebantur
306 2002 345 2064 ad
365 2021 451 2066 senes
473 2013 502 2066 et
522 2005 698 2077 honoratos,
722 2010 755 2064 ut
775 2002 811 2066 de
826 2005 891 2066 inre
908 2003 1118 2086 respondentes
1219 2087 1224 2092 Ι

68 2101 220 2178 audirent,
250 2103 368 2166 indiciis
392 2105 544 2180 adessent,
573 2103 730 2166 senatoriis
752 2105 902 2166 sententiis
923 2099 1119 2185 popularibus

14 2251 15 2260 ,
67 2203 252 2268 contionibus
276 2196 469 2270 auscultando
483 2203 535 2286 (⁴¹¹)
562 2205 681 2284 legibus
710 2219 792 2266 more
817 2203 937 2285 publico
962 2203 1120 2286 prudentia

66 2305 144 2368 ciuili
177 2307 274 2385 magis
300 2325 357 2368 usu
384 2325 472 2388 quarn
499 2314 564 2370 arte
591 2306 800 2370 imbuerentur.
848 2305 932 2369 Hunc
959 2307 1118 2371 iuuentutis

67 2406 246 2468 erudiendae
276 2425 399 2484 morem,
429 2427 515 2490 quem
542 2407 695 2472 Ciceronis
724 2407 810 2487 pueri
839 2414 936 2470 aetate
955 2407 1051 2472 adhuc
1071 2409 1117 2472 ri-

66 2508 167 2586 guisse
203 2517 332 2584 constat,
365 2527 489 2589 magnas
520 2511 551 2572 in
582 2508 706 2590 imperio
739 2507 820 2570 orbis
853 2508 988 2589 parando
1015 2515 1116 2590 partes

65 2609 206 2672 habuisse
235 2611 394 2690 probabile
420 2619 472 2673 est.
516 2611 592 2674 Aliis
618 2610 695 2672 euim
721 2609 753 2670 iu
780 2608 908 2670 aliorum
928 2609 1021 2672 ricem
1047 2627 1115 2672 sno-

66 2711 266 2774 crescentibus
293 2713 424 2774 uirorum
452 2713 644 2792 egregiorum
664 2726 802 2792 propago
825 2727 974 2791 uunquam
997 2709 1115 2774 delicia·

63 2812 112 2874 bat
123 2809 192 2894 (⁴5).
237 2811 298 2876 Sed
322 2813 476 2875 literarum
496 2831 561 2874 cum
580 2813 768 2886 Latinarum,
793 2818 854 2872 tum
873 2811 999 2874 maxime
1021 2811 1115 2875 Grae·

64 2932 165 2976 aarum
187 2913 293 2974 notitia
316 2913 477 2993 plerosque
499 2914 586 2974 edam
608 2911 735 2974 ciuitatis
756 2911 906 2990 principes
928 2911 1115 2976 mediocriter

62 3016 191 3078 imbutos
210 3013 303 3072 inisse
321 3011 390 3072 iude
406 3013 548 3084 elicitur,
567 3011 646 3090 quod
660 3009 752 3090 paulo
772 3010 955 3089 antiquiores
974 3011 1113 3075 Gracchis

62 3117 103 3180 Μ.
129 3111 270 3193 ‚Lepidus
292 3112 421 3174 Porcina
443 3113 509 3174 Ser.
533 3111 629 3175 Galba
650 3110 685 3174 G.
708 3110 806 3174 Garbo
833 3129 870 3174 ue
896 3111 969 3172 iuris
997 3111 1113 3192 qnidam

63 3218 135 3278 satis
166 3213 255 3292 gnari
276 3212 368 3275 fnisse
387 3213 520 3276 feruntur
533 3208 596 3294 (⁴⁶).
641 3211 721 3289 Quin
740 3211 838 3274 multis
862 3213 946 3274 annis
967 3219 1036 3294 post
1059 3225 1113 3278 nec

65 3317 205 3379 Crassum
234 3314 308 3380 satis
339 3316 466 3395 peritum
494 3323 522 3378 et
550 3316 707 3379 Antonium
735 3331 859 3395 prorsus
889 3312 992 3376 rudem
1018 3313 1112 3378 luisse

63 3417 217 3478 literarum
243 3423 380 3478 constans
408 3417 555 3480 hominum
580 3425 646 3481 orat
676 3416 794 3498 opinio,
819 3416 850 3478 in
872 3433 932 3497 qna
953 3414 1111 3480 refutanda

64 3517 174 3580 frustra
194 3517 333 3598 copiosus
354 3525 399 3580 est
422 3513 529 3584 Cicero
542 3516 606 3600 (⁴⁷).

131 3814 177 3882 tt)
196 3814 252 3870 Gie.
270 3814 305 3880 de
321 3811 370 3872 Or.
388 3815 422 3871 ll.
442 3817 470 3886 l,
488 3820 513 3872 4.
540 3817 590 3883 36,
610 3814 668 3872 153.
754 3813 800 3882 ta)
819 3812 933 3873 Quintil.
951 3813 1013 3872 Xll.
1031 3815 1064 3881 9,
1082 3811 1108 3872 5.

67 3900 109 3968 44)
127 3901 183 3956 Gic.
203 3901 238 3954 de
256 3897 304 3956 Or.
325 3897 372 3954 ΙΙΙ.
390 3901 422 3967 2,
440 3903 465 3956 5.
554 3901 600 3970 45)
617 3901 708 3956 Nemo
726 3899 805 3954 huius
823 3900 922 3952 aetatis
938 3900 1109 3954 sanctitatem

68 3987 94 4038 e't
110 4001 215 4040 morem
237 3986 430 4041 adolescentes
453 3989 481 4042 in
503 3989 563 4042 sinu
579 3994 722 4056 parentam
744 3984 996 4053 honoratorumque
1013 3990 1107 4036 eontu-

67 4069 160 4126 bernio
178 4072 214 4125 ad
227 4089 272 4126 res
284 4071 427 4142 praeclare
443 4072 579 4143 gerendas
595 4067 751 4126 instituendi
768 4067 939 4136 eloquentius
952 4066 1109 4136 deploravit

68 4171 145 4223 quam
160 4157 278 4228 scriptor
297 4157 399 4228 dialogi
416 4156 451 4212 de
469 4155 624 4213 oratoribus
640 4173 663 4212 a
676 4155 720 4210 28.
737 4152 771 4207 33
785 4167 844 4229 sqq.
931 4150 978 4220 46)
997 4151 1053 4208 Glc.
1071 4151 1108 4208 de

69 4237 114 4296 Or.
131 4240 152 4298 1.
172 4242 218 4307 10,
235 4241 278 4298 40.
369 4241 414 4308 47)
432 4242 489 4300 Gic.
506 4243 542 4298 de
557 4238 608 4299 Or.
626 4241 660 4296 ll.
679 4242 693 4296 l
711 4255 771 4309 sqq.
