2646 4772
334 421 526 493 BRUTUS
554 425 719 495 CAR-82.
947 426 1046 500 208

25 590 99 657 ditior
117 611 204 678 quam
222 589 330 672 Curio,
350 604 414 660 tum
435 595 529 662 etiam
551 597 728 663 accuratius
744 593 900 682 quoddam
921 595 1047 664 dicendi

24 717 46 772 et
68 711 238 796 exquisitius
271 711 422 780 afferebat
451 733 568 799 genus:
599 714 682 802 quod
703 733 880 801 quanquam
909 715 1047 782 scienter

23 823 220 916 eleganterque
252 829 425 910 tractabat,
457 833 586 898 nimium
617 841 721 899 tamen
752 833 914 920 inquirens
946 835 979 899 in
1009 851 1046 899 se

23 953 94 1028 atque
120 947 185 1033 ipse
208 967 280 1014 sese
303 948 477 1016 observans
502 960 703 1038 metuensque
725 969 765 1015 ne
786 952 932 1018 vitiosum
954 949 1045 1017 colli-

21 1073 89 1142 geret
119 1068 212 1130 etiam
238 1083 346 1133 verum
378 1069 562 1153 sanguinem
594 1067 792 1156 deperdebat.
836 1065 943 1154 ltaque
976 1069 1045 1134 cius
1089 1125 1092 1130 ,

20 1181 99 1246 oratio
126 1185 223 1250 nimia
242 1184 397 1270 religione
421 1195 580 1254 attenuata
601 1185 701 1254 doctis
724 1195 754 1252 et
776 1195 890 1254 attente
915 1185 1045 1252 audien-

19 1295 82 1362 tibns
109 1312 175 1367 erat
203 1301 352 1383 illustris3
383 1323 404 1370 a
432 1303 625 1371 multitudine
655 1315 758 1370 autem
786 1313 816 1370 et
838 1323 859 1369 a
879 1303 963 1382 loro,
993 1303 1044 1370 cui

16 1423 74 1480 nata
88 1417 267 1506 eloquentia
285 1429 350 1500 est,
373 1421 590 1490 devorabatur.
622 1419 696 1487 284.
719 1419 801 1508 Tum
817 1419 945 1512 Brutus,
961 1421 1044 1488 Atti-

17 1549 68 1598 cum
87 1555 135 1616 se,
158 1540 275 1624 inquit,
296 1536 413 1606 Calvus
430 1550 539 1608 noster
555 1539 617 1607 dici
635 1550 791 1608 oratorem
806 1539 949 1606 volebat:
969 1539 1044 1606 indc

16 1662 67 1716 erat
92 1655 153 1722 ista
175 1655 318 1736 exilitas,
349 1677 442 1744 quam
469 1658 525 1725 ille
549 1659 588 1725 de
609 1659 763 1725 industria
783 1657 1042 1744 consequebatur.

14 1763 140 1852 Dicebat,
168 1776 311 1861 iuquam,
339 1777 399 1841 ita:
427 1774 484 1842 sed
506 1785 537 1842 et
557 1779 625 1863 ipse
647 1775 774 1842 errabat
791 1785 822 1841 et
844 1774 927 1842 alios
948 1775 1043 1840 etiam

14 1903 99 1954 errare
120 1891 267 1978 cogebat.
309 1913 382 1959 nam
414 1895 442 1959 si
464 1896 534 1980 quis
556 1913 629 1971 eos,
660 1895 713 1980 qui
733 1913 792 1959 nec
814 1895 916 1980 inepte
938 1892 1044 1957 dicunt

14 2023 55 2070 nec
75 2007 184 2076 odiose
209 2030 268 2078 nec
288 2011 409 2099 putide,
435 2011 539 2078 Attice
563 2021 649 2099 putat
670 2009 791 2077 dicere:
822 2011 851 2075 is
873 2019 957 2075 recte
978 2011 1042 2073 nisi
1069 2095 1074 2108 ι

14 2117 125 2192 ltticam
141 2127 256 2214 probat
273 2132 437 2194 neminem.
467 2129 677 2195 insulsitatem
692 2130 774 2195 enim
790 2138 821 2195 et
841 2125 1042 2193 insolentiam

14 2249 138 2328 unquam
154 2248 313 2312 insaniam
325 2247 482 2334 quandam
501 2249 653 2314 orationis
670 2245 744 2324 odit,
762 2249 927 2311 sanitatem
939 2254 1042 2310 autem

14 2367 30 2422 tt
56 2363 264 2449 integritatem
292 2366 384 2450 quasi
404 2364 591 2450 religionem
613 2373 643 2430 et
663 2363 884 2431 verecundiam
905 2363 1042 2429 oratoris

14 2477 108 2560 tiebat.
153 2481 236 2549 baec
263 2485 399 2549 omnium
426 2483 519 2550 debet
547 2492 705 2550 oratorum
733 2481 842 2548 eadem
873 2501 945 2549 esse
968 2501 1042 2546 sen·

14 2600 93 2664 entia.
137 2599 214 2666 285.
245 2597 305 2666 Sin
338 2611 439 2669 autem
472 2603 664 2668 ieiunitatem
692 2609 723 2666 et
745 2603 919 2666 siccitatem
941 2607 972 2664 et
993 2600 1042 2664 in-

14 2717 109 2798 eptam,
144 2718 219 2784 dum
239 2719 332 2786 modo
353 2721 394 2786 sit
413 2719 526 2806 polita,
549 2718 619 2783 dum
641 2716 777 2795 urbana,
804 2717 876 2783 dnm
898 2715 1041 2799 elegans,

14 2835 150 2905 nnuicc
174 2857 291 2924 genere
311 2839 411 2922 ponit,
433 2835 494 2901 boc
515 2843 600 2900 recte
617 2833 778 2900 duntaxat:
801 2831 858 2899 sed
876 2835 952 2919 quia
970 2843 1042 2900 sunt

50 3021 93 3065 lbi.
125 3025 210 3064 orator
221 3019 279 3074 fuit]
293 3021 369 3062 orator
380 3018 470 3064 luisset.

51 3154 202 3214 LXXXII.
237 3153 297 3210 283.
332 3157 387 3225 qai
413 3161 519 3209 arator
541 3153 621 3226 fait]
647 3141 798 3212 corradum
825 3152 912 3207 secuti
939 3170 1040 3208 snmus.

14 3239 59 3296 ibri
77 3253 106 3298 et
125 3241 174 3298 ed.
191 3257 232 3312 pr.
251 3239 354 3294 babent
369 3238 495 3311 fuisset,
515 3240 588 3310 qnod
603 3237 720 3304 Beierus
737 3249 765 3296 et
783 3235 905 3294 Orellius
923 3239 1042 3310 explica·

14 3330 132 3384 inibant
147 3325 328 3381 conditionali
340 3327 464 3394 ratione,
480 3333 571 3380 mente
585 3327 718 3382 addentes
733 3329 761 3380 si
773 3324 888 3380 diutius
901 3329 1043 3388 quateret,-

14 3427 41 3463 on
60 3415 165 3467 durum
189 3411 258 3479 boc,
282 3411 331 3466 sed
353 3411 482 3466 indictum
504 3419 532 3466 et
555 3412 589 3467 ab
610 3413 698 3468 omnis
715 3411 826 3482 linguae
844 3428 893 3464 usu
912 3411 1041 3465 alienum.

14 3498 136 3552 ambimus
159 3502 211 3567 qai
225 3504 330 3552 orator
346 3515 413 3552 eum
424 3496 551 3566 fatescis
569 3497 690 3551 debebat
702 3501 785 3549 esset.
795 3523 830 3536 -
848 3493 1042 3568 deperdebat]

14 3583 179 3654 ependebat
198 3582 263 3637 Por.
278 3583 314 3637 D.
339 3581 390 3655 hg.
406 3583 425 3636 8
439 3600 510 3636 corr.
528 3582 569 3636 35.
589 3581 630 3635 39.
650 3580 690 3634 51.
708 3579 750 3634 68.
770 3579 812 3635 70.
841 3578 911 3634 Ven.
930 3583 954 3636 l.
982 3577 1042 3637 ott.

14 3657 36 3720 a.
53 3671 75 3723 l.
104 3669 153 3722 ed.
170 3685 210 3738 pr.
239 3667 476 3742 deprehendebat
491 3667 534 3722 20.
563 3664 765 3739 deprendebat
781 3665 823 3721 58.
840 3693 876 3710 ω-
904 3685 923 3722 a
940 3665 1041 3722 malti·

14 3753 98 3821 rdine]
119 3771 141 3806 a
163 3769 215 3805 om.
234 3751 285 3826 Lg.
301 3763 410 3824 praeter
422 3751 464 3808 20.
478 3751 520 3808 35.
534 3751 577 3806 68.
592 3752 649 3819 70.,
666 3752 731 3806 item
749 3751 801 3807 Gn.
817 3753 841 3808 l.
858 3781 893 3795 -
917 3753 1041 3807 decora·

14 3839 86 3908 rtur]
106 3837 311 3894 denotabatur
329 3839 372 3892 ed.
390 3855 431 3910 pr.
468 3835 658 3892 deserebatur
675 3844 854 3892 commentum
869 3837 1013 3908 Pungoldi.

52 3973 116 4028 284.
156 3973 402 4045 consequebatur]
417 3971 860 4028 consectabatarbambinus.-
879 3973 1042 4025 sanitatem

14 4061 100 4128 utem]
128 4065 233 4114 aetem
258 4076 311 4114 om.
336 4060 379 4114 ed.
397 4075 439 4129 pr,
460 4088 494 4100 -
521 4059 663 4126 oratorie]
690 4059 750 4112 iure
773 4055 895 4111 defendit
919 4051 1041 4112 Orellius

14 4153 101 4214 optor
121 4145 282 4214 oppositum
301 4144 491 4199 mucurisin
509 4143 597 4197 altero
608 4143 744 4198 membro.

54 4261 121 4320 285.
164 4259 235 4318 dum
248 4261 349 4332 modo]
361 4259 451 4338 scribo
464 4259 571 4320 divisim
584 4277 644 4316 cum
653 4259 705 4334 Lg.
716 4259 759 4320 35.
768 4259 811 4320 58.
829 4255 887 4318 Ott.
899 4285 935 4304 ·-
951 4257 1039 4331 quos]
