2676 4774
251 411 319 480 60
408 403 557 472 naevis
578 399 876 484 ELOQUENTIAE
898 399 1002 472 ROM.
1024 403 1133 470 HlST.

250 583 333 642 tauta
353 577 446 640 fuisse
470 577 654 640 innocentiae
675 575 798 651 iiducia,
825 583 857 638 ut
879 593 942 638 cunr
964 577 1093 638 absentis
1114 593 1221 638 nomen
1244 577 1290 639 de·
1320 559 1321 562 ¹

250 680 342 742 lotum
364 686 454 753 esset,
481 696 648 759 quanquam
669 677 811 740 festinans
837 677 868 738 in
891 679 1072 758 prouinciam
1098 697 1117 738 a
1137 675 1290 740 Brundisio

251 781 282 841 in
302 780 404 840 urbem
419 779 543 854 rediret,
567 779 648 840 cuius
665 779 710 840 rei
725 779 927 840 necessitatem
948 779 999 840 lex
1013 779 1154 841 Memmia
1170 777 1290 838 sustule-

251 875 373 959 rat(⁶⁵).
404 883 489 943 Anno
512 887 562 942 aut
583 875 697 941 duobus
716 880 800 940 annis
820 886 888 959 post
906 878 1067 942 credendus
1090 887 1133 940 est
1150 877 1204 942 Cn.
1223 878 1290 942 Car·
1321 911 1322 946 1

250 981 356 1044 bouem
389 997 554 1042 accusasse.
609 979 692 1042 Hunc
722 981 844 1042 bononis
880 997 971 1042 causa
1008 980 1039 1040 in
1070 979 1212 1042 iudicium
1243 978 1289 1040 ad-

251 1083 380 1158 ductum,
402 1090 435 1144 ut
457 1101 476 1144 a
497 1081 532 1158 Q.
554 1081 656 1142 Mucio
679 1079 712 1143 C.
727 1080 897 1154 Albucium,
921 1098 940 1141 a
959 1081 994 1142 P.
1012 1081 1145 1162 Sulpicio
1169 1080 1290 1144 111151-

250 1185 372 1257 bannm,
401 1203 420 1244 a
442 1182 475 1245 C.
492 1181 574 1244 Fufio
596 1181 640 1244 Μ’
657 1181 822 1260 Aquilium,
845 1199 864 1242 a
886 1179 919 1244 C.
939 1179 1066 1243 Curione
1089 1181 1124 1258 Q.
1141 1181 1291 1246 Metellum

251 1283 393 1365 Apuleius
415 1283 516 1344 scribit
527 1276 597 1360 (⁶⁶);
627 1283 837 1357 accusationis,
864 1279 916 1344 sed
943 1299 1001 1343 non
1023 1281 1122 1345 addito
1146 1283 1291 1344 eriminum
1322 1272 1323 1340 1

252 1403 377 1464 genere,
400 1385 487 1445 etiam
510 1383 614 1446 Cicero
637 1383 765 1444 meminit
782 1379 848 1463 (⁶⁷).
892 1383 1034 1460 Quicum
1056 1382 1108 1446 Cn.
1131 1383 1291 1446 Carbonem

254 1485 307 1550 Cn.
328 1493 375 1546 ter
396 1466 525 1548 consulis
544 1491 659 1565 patrem
680 1493 817 1546 accurate
838 1483 998 1562 significet,
1020 1502 1079 1546 non
1099 1492 1198 1566 potest
1221 1485 1291 1546 alins

251 1587 396 1664 intelligi,
422 1586 480 1646 nisi
499 1585 567 1660 ille,
594 1585 645 1665 qui
666 1603 694 1648 a.
712 1587 776 1648 646
802 1605 821 1647 a
843 1585 967 1648 Cimbris
994 1583 1032 1646 ad
1052 1585 1192 1652 Noreiam
1213 1585 1292 1646 fusus
1323 1640 1324 1664 ,

253 1695 282 1749 et
311 1687 441 1748 exercitu
471 1695 573 1748 exutus
589 1663 656 1748 est.
700 1685 800 1749 Causa
826 1687 919 1766 igitur
950 1687 1111 1748 maiestatis
1140 1686 1214 1747 fnit:
1246 1683 1292 1746 sed
1323 1665 1324 1740 Ϊ

253 1795 336 1850 actor
355 1807 436 1850 reum
457 1787 611 1849 damnasse
637 1804 695 1850 nou
716 1786 831 1849 uidetur
848 1783 911 1867 (11).
955 1787 1148 1850 Tribunatum
1173 1786 1243 1848 inde
1268 1791 1293 1846 et

253 1889 431 1952 aedilitatem
457 1891 614 1964 Antonius,
648 1889 735 1950 etiam
765 1906 801 1949 ea
826 1906 861 1950 re
888 1888 998 1952 Crasso
1027 1889 1147 1963 similis,
1177 1888 1291 1949 tacitum

253 1991 355 2069 gessit.
388 1990 434 2052 Ex
451 1999 642 2083 praeturae.
659 1989 722 2052 650
744 1997 830 2069 gesta
850 1991 1058 2071 proconsulari
1077 1989 1142 2050 inre
1162 1987 1292 2050 Ciliciam

251 2092 432 2172 prouinciam
457 2092 572 2154 ridetur
598 2091 753 2166 babuisse,
780 2109 817 2152 ex
844 2109 904 2172 qua
928 2091 1009 2154 bello
1036 2091 1182 2151 maritimo
1198 2085 1292 2170 'prae-

252 2193 343 2254 dones
368 2201 538 2272 persecutus
567 2193 755 2272 triumpharit
776 2187 840 2270 (⁶⁹).
882 2191 995 2255 Consul
1024 2199 1140 2253 oreatus
1171 2209 1237 2252 cum
1260 2193 1290 2251 Α.
1324 2239 1325 2252 .

251 2293 401 2356 Postumio
422 2291 662 2354 Albinouanus
689 2293 720 2352 iu
740 2294 842 2372 primis
868 2292 1037 2355 seditiosum
1058 2293 1206 2354 bominem
1229 2291 1291 2353 Ser.
1324 2277 1325 2280 ¹

253 2394 363 2456 Titium
388 2393 535 2453 tribunum
562 2392 658 2472 plebis
687 2392 840 2456 aduersum
867 2392 983 2469 habuit,
1009 2395 1060 2473 poi
1085 2393 1121 2456 L.
1145 2391 1292 2456 Saturnini

252 2493 337 2570 leges
365 2500 394 2553 et
424 2493 483 2554 rim
512 2495 679 2555 instaurare
707 2492 864 2556 rideretur.
906 2495 989 2556 llunc
1020 2511 1085 2556 sese
1113 2493 1240 2555 dicendo
1268 2498 1292 2552 et

254 2591 370 2671 agendo
387 2593 514 2671 fregisse
536 2603 565 2656 et
584 2603 652 2676 post
666 2603 832 2675 opportuna
849 2596 1004 2658 occasione
1025 2595 1094 2656 data
1111 2596 1212 2656 omnia
1228 2611 1291 2654 con-

254 2694 365 2756 sulatus
388 2695 433 2755 sui
449 2695 572 2756 consilia
595 2697 766 2776 exposuisse
788 2697 852 2777 ipse
874 2696 952 2777 apud
969 2696 1140 2758 Ciceronem
1162 2695 1291 2778 pluribus

253 2796 351 2858 uerbis
380 2796 550 2876 exsequitur
572 2791 636 2875 (⁷⁰).
683 2796 844 2860 Censuram
874 2815 902 2858 a.
929 2796 1078 2860 (ibicum
1107 2797 1144 2859 L.
1173 2795 1291 2861 Valerio

253 2933 461 2948 ——-———u·

321 3025 366 3092 65)
393 3024 453 3078 Vel.
470 3024 549 3079 Mox.
567 3023 612 3079 111.
632 3026 662 3090 7,
680 3026 704 3080 9.
737 3025 877 3092 v1.o,l.
906 3027 940 3081 cl.
961 3026 1105 3082 Asconium
1130 3026 1166 3079 ad
1189 3025 1247 3080 Cic.
1268 3041 1290 3094 p.

253 3106 314 3164 Mil.
331 3109 371 3164 lt.
408 3109 481 3168 Quid
498 3109 644 3179 Meyerum
661 3128 688 3180 p.
702 3111 761 3168 787.
781 3113 911 3179 moverit,
928 3120 956 3165 ut
971 3111 1116 3164 Antonium
1133 3110 1294 3164 immisceret

252 3211 351 3248 causae
363 3194 513 3248 Vestalium
531 3195 627 3249 incesti
643 3196 844 3264 damnatarum,
864 3211 974 3266 quarum
989 3195 1121 3250 Liciniam
1133 3195 1167 3252 L.
1183 3196 1291 3252 Crassus

252 3279 389 3344 defendit,
406 3279 560 3348 intelligere
578 3297 633 3333 non
650 3297 768 3351 possum.
856 3281 901 3348 66)
919 3282 1001 3351 Apul.
1020 3282 1093 3352 a'pol.
1108 3298 1177 3352 mag.
1198 3299 1226 3352 p.
1239 3277 1292 3334 316.

254 3361 326 3418 ono.
413 3362 458 3430 67)
478 3363 533 3418 Cic.
553 3364 662 3422 Divers.
683 3365 730 3421 1Χ.
748 3367 790 3420 71.
819 3366 853 3420 ci.
871 3364 925 3421 Off.
943 3365 977 3420 ll.
996 3366 1037 3422 14,
1064 3366 1174 3436 Meyer.
1196 3385 1225 3436 p.
1239 3363 1291 3417 763.

252 3445 298 3514 68)
325 3447 372 3500 Sic
396 3447 572 3518 intelligendo
596 3451 684 3505 verba
701 3451 841 3506 Ciceronis
865 3451 976 3506 Divers.
998 3449 1107 3505 11111.
1138 3467 1166 3503 v.
1188 3451 1290 3518 Zumpt.

253 3533 288 3587 ad
311 3533 367 3588 Cic.
394 3532 428 3586 de
451 3529 504 3588 off.
525 3532 559 3590 11.
580 3534 626 3600 14,
644 3535 669 3590 8.
757 3537 803 3604 69)
830 3537 885 3592 Cic.
912 3536 947 3590 de
972 3533 1200 3602 0r.1.18,8·2.
1235 3535 1291 3588 biv.

254 3619 318 3687 epit.
337 3617 463 3673 valtl.
499 3618 551 3672 Hic
572 3622 762 3690 proconsulem
780 3621 861 3674 dicits
888 3620 954 3674 nibil
978 3622 1050 3674 cuim
1071 3621 1196 3676 usitatius
1221 3634 1291 3689 qnam

253 3702 293 3757 sic
309 3703 404 3755 vocari
421 3719 485 3769 eos,
503 3705 548 3772 qui
565 3715 628 3774 post
644 3717 800 3775 praeturam
817 3695 1007 3777 proconsulari
1023 3707 1080 3759 iure
1098 3707 1126 3760 in
1140 3703 1293 3774 provincias

253 3786 435 3842 mittebantur.
523 3788 567 3855 76)
586 3788 641 3846 Cic.
660 3792 695 3846 de
710 3789 759 3848 Or.
776 3790 808 3846 11.
824 3791 871 3858 11,
889 3791 931 3846 48.
958 3790 1071 3861 Pighius
1088 3797 1107 3846 t.
1123 3789 1171 3846 111.
1192 3790 1250 3844 157.
1269 3789 1291 3840 io

254 3871 397 3928 consulatu
407 3869 600 3928 Macedoniam
617 3877 786 3946 provinciam
803 3876 839 3930 ab
855 3893 889 3930 eo
905 3885 1007 3930 rectum
1019 3877 1099 3942 dicit,
1116 3893 1174 3929 uon
1187 3877 1292 3946 ignaros

162 3973 169 3979 ·
253 3957 307 4012 loci
326 3955 512 4025 ciceroniani,
539 3976 620 4030 quem
644 3961 727 4014 modo
753 3962 944 4032 apposuimus,
970 3961 1020 4015 sed
1037 3961 1111 4030 quod
1135 3961 1171 4014 de
1189 3957 1244 4014 Or.
1261 3955 1291 4010 11.

253 4041 378 4108 48,197.
399 4041 444 4098 C.
463 4042 612 4098 Norbanus
634 4051 697 4114 post
721 4045 811 4100 abeo
836 4046 963 4101 defensus
988 4045 1040 4116 ipsi
1064 4054 1196 4114 qrreestor
1215 4044 1293 4098 inisse

254 4125 365 4182 dicatur.
401 4127 504 4181 Verum
521 4145 609 4198 neque
628 4136 691 4182 tunc
707 4129 808 4184 bellum
827 4140 886 4185 erat
902 4131 930 4186 iu
944 4130 1126 4196 Macedonia,
1143 4129 1219 4184 utin
1237 4129 1292 4199 ipso

253 4213 412 4282 magistratu
430 4213 566 4268 consulem
586 4229 620 4268 eo
638 4213 706 4268 mitti
724 4231 838 4273 necesse
850 4224 939 4284 esset,
958 4223 985 4272 et
997 4216 1146 4285 Antonios,
1161 4217 1185 4270 sl
1201 4209 1292 4270 consul
