2676 4774
254 456 318 530 Μ
411 447 560 522 BREVIS
582 446 880 532 ELOQUENTIAE
902 445 1004 516 ROM.
1027 443 1136 516 HlS'l‘.

253 626 326 696 uidit
357 637 452 690 tamen
484 627 527 690 Μ’
556 621 705 707 Aquilium
736 619 770 688 G.
799 621 977 686 Tuditanum
1007 619 1165 696 consules,
1198 620 1296 702 qnibru

256 717 437 814 colloquium
459 725 552 790 deRe
572 727 693 808 publica
712 726 844 788 habiturn
864 717 1062 803 hngihrr(¹⁰).
1093 723 1123 786 ls
1145 731 1190 786 est
1211 741 1296 784 annus
1329 787 1330 818 3

254 833 291 892 ab
313 829 387 892 urbe
409 827 481 891 625.

336 932 461 994 Praeter
478 929 628 990 orationes
644 927 678 986 do
693 929 839 1001 copatione
850 925 999 985 Scribonia
1015 926 1159 988 memoria
1177 925 1297 986 aliarum
1329 921 1330 926 ’

255 1051 313 1096 nou
343 1039 453 1105 exstat,
482 1027 540 1108 nisi
561 1027 739 1090 defensionis
761 1027 985 1108 publicanorum
1008 1027 1044 1089 de
1065 1026 1157 1088 caede
1177 1027 1210 1088 in
1231 1027 1300 1089 siloa
1329 1089 1330 1092 ,

254 1135 323 1198 Sila
344 1110 501 1210 lacta(¹¹).
534 1127 594 1192 Sed
615 1147 652 1190 ne
671 1129 795 1192 uerbum
809 1127 932 1212 ,qudem
949 1130 1012 1190 eius
1030 1129 1102 1202 riri,
1125 1127 1176 1208 poi
1194 1145 1300 1208 aequa-
1329 1123 1330 1128 ’

252 1235 326 1297 lium
343 1229 550 1294 disertissimus
567 1229 684 1291 babitus
700 1237 759 1305 est,
773 1237 916 1292 retentum
934 1246 999 1291 esse
1014 1231 1108 1290 minus
1125 1229 1302 1301 mirabimur,
1329 1245 1330 1314 3

255 1353 320 1398 oum
339 1335 489 1396 orationes
506 1331 569 1394 eina
587 1331 646 1392 iam
657 1329 808 1394 Ciceronis
825 1338 923 1392 aetate
939 1347 1034 1412 paene
1052 1332 1208 1394 evanuisse
1229 1329 1301 1390 scia·

254 1453 318 1498 mus
337 1432 401 1514 (¹²).
444 1434 519 1496 Erat
546 1433 622 1494 enim
644 1432 742 1496 Galba
763 1424 826 1494 sine
848 1427 937 1495 darbio
959 1450 1069 1495 summo
1090 1432 1228 1510 ingenio,
1256 1429 1304 1492 sed

255 1537 322 1599 sola
343 1543 451 1598 natura
470 1533 563 1595 tretns
586 1548 650 1595 enm
670 1551 766 1614 neque
783 1533 879 1595 literis
896 1535 1046 1613 ingenium
1061 1533 1242 1596 excoluisset
1253 1527 1302 1609 (¹³)

255 1654 350 1719 neque
377 1637 584 1700 sententiarum
609 1635 743 1716 pondera
767 1636 866 1716 potins
894 1653 982 1717 mam
1006 1637 1164 1699 verborum
1190 1629 1330 1696 auersum*

256 1748 285 1802 et
310 1740 417 1802 dunen
444 1743 681 1812 consectaretur,
711 1733 861 1798 orationes
890 1735 1009 1800 auditae
1034 1745 1157 1818 propter
1178 1735 1305 1814 gratiam

255 1841 317 1902 oris
345 1849 374 1929 et
395 1839 518 1902 actionis
539 1835 713 1918 placebant,
742 1837 838 1900 lectae
860 1839 972 1901 animos
1001 1855 1098 1919 neque
1118 1835 1306 1900 delectabant

254 1957 351 2024 neque
377 1937 533 2004 movebant
550 1933 612 2018 (¹⁴).
657 1937 743 2016 Quod
769 1938 847 2000 idem
873 1940 938 2002 niro
965 1936 1044 2002 baud
1073 1937 1165 2020 paulo
1189 1935 1305 1998 cultiori

254 2041 362 2110 oceidit
390 2039 542 2104 Ciceronis
570 2041 690 2122 aequali
717 2039 754 2118 Q.
782 2040 950 2102 Hortensio.
994 2040 1106 2104 Tamen
1133 2035 1306 2100 adolescens

254 2151 315 2205 tres
342 2143 414 2204 illos
442 2141 636 2222 philosophos
662 2141 881 2203 Atheniensium
907 2141 1025 2220 legatos
1054 2139 1173 2202 audisse
1202 2139 1306 2200 dieitur

255 2253 285 2306 et
307 2251 386 2304 certe
406 2243 606 2305 Romanorum
626 2242 737 2322 primos
754 2241 827 2302 dixit
842 2240 1044 2316 artificiosius,
1066 2249 1098 2302 ut
1113 2239 1306 2320 egrederetur

245 2335 274 2405 'a
295 2343 468 2424 proposito,
490 2349 523 2403 ut
544 2358 606 2403 rem
627 2339 763 2421 augendo
782 2339 974 2407 minuendore
988 2341 1183 2404 illustriorem
1199 2340 1305 2404 redde-

253 2451 315 2518 ret,
350 2450 384 2504 ut
412 2426 524 2504 iudices
554 2442 702 2505 delectare
733 2449 762 2504 et
788 2458 906 2505 morere
931 2443 1022 2506 uellet
1037 2439 1100 2522 (¹⁵).
1131 2443 1306 2507 ‘Plurimum

253 2553 351 2606 tamen
375 2543 524 2606 tribuebat
548 2545 748 2606 vehementiae
769 2544 909 2619 aetionis;
937 2561 1014 2624 qnae
1039 2552 1083 2605 est
1104 2543 1255 2627 asperitas
1277 2543 1305 2604 in

254 2643 393 2720 dicendo,
420 2660 509 2725 quam
530 2643 647 2706 Tullius
669 2646 698 2707 ei
718 2645 820 2707 tribuit
831 2639 902 2726 (¹⁶),
931 2645 1011 2726 quod
1032 2645 1093 2706 alio
1115 2645 1184 2708 loco
1208 2644 1306 2726 expli·

253 2747 348 2808 oatius
380 2743 487 2808 dicium
517 2737 649 2808 clamore
678 2753 708 2808 et
733 2745 875 2810 lateribus
902 2763 1038 2827 pugnare
1054 2742 1118 2826 (¹⁷).
1170 2749 1255 2828 Aper
1277 2745 1308 2806 in

252 2846 393 2926 dialogo,
414 2845 501 2926 quem
519 2845 616 2908 Taciti
634 2847 746 2922 ierunt,
767 2855 907 2928 teneuram
922 2847 1026 2910 ultima
1042 2847 1217 2928 antiquitate
1233 2847 1307 2908 bor-

251 2948 348 3010 ridum
378 2947 479 3009 abiicit
502 2965 640 3028 prorsus;
668 2949 765 3010 mitius
788 2949 943 3012 Maternus
970 2948 1073 3012 deesse
1101 2947 1217 3028 aliquid
1239 2947 1307 3009 eius

252 3049 404 3126 laudibus,
428 3065 505 3130 quae
527 3055 572 3111 est
592 3041 740 3132 λιτότηὲ,
760 3049 870 3114 fatetur
882 3043 944 3129 (¹⁸).

724 3219 752 3302 p.
778 3219 827 3280 17.

363 3325 405 3382 M.
425 3326 547 3400 Lepidus
567 3329 687 3384 Porcina
706 3338 734 3384 et
753 3338 880 3387 oratores
897 3331 944 3386 alii
960 3333 1047 3386 minus
1064 3329 1193 3386 illustres.

258 3487 259 3492 .
338 3455 382 3508 Μ.
404 3451 544 3512 naseos
565 3453 691 3532 Lepidm
711 3457 833 3514 Porcina
861 3455 1019 3534 agnomine
1045 3451 1123 3516 alias
1143 3455 1176 3514 iu
1198 3471 1238 3515 ea
1261 3453 1308 3515 ia-

252 3551 335 3615 milia
354 3551 474 3615 insolito
496 3560 581 3616 natus
602 3553 718 3617 ridetur
737 3568 817 3618 ‘anno
838 3555 903 3618 fere
926 3555 1006 3634 att,
1033 3562 1066 3617 ut
1091 3547 1199 3636 paucis
1220 3554 1310 3616 aunis

255 3687 463 3702 -η--ι-*ν-

327 3762 370 3830 lo)
389 3761 444 3817 Cic.
457 3763 510 3834 Rp.
529 3762 576 3817 111.
590 3763 632 3820 30.
721 3767 764 3835 11)
785 3768 842 3825 cic.
857 3767 937 3824 Brut.
951 3768 994 3824 2⁸2.
1084 3767 1129 3834 lb)
1143 3767 1205 3822 cte.
1222 3767 1309 3821 Brut.

253 3846 303 3914 ul,
317 3847 358 3904 82.
418 3881 420 3886 ·
447 3848 492 3917 13)
509 3849 737 3907 Westerutannus
749 3871 776 3924 p.
787 3852 828 3909 78.
847 3853 1086 3914 boc'verumcsse
1101 3859 1199 3924 negat3
1217 3853 1310 3906 solam

252 3933 408 3988 autminus
421 3935 548 4006 peritiam
563 3933 669 3991 Galbae
681 3954 737 3992 non
752 3937 866 3993 concedi
879 3955 896 3992 a
908 3938 1044 3994 Cicerone
1059 3937 1094 3990 de
1108 3933 1158 3995 Or.
1170 3935 1192 3992 l.
1209 3936 1258 4004 10,
1271 3937 1312 3990 tt).

253 4017 311 4072 Sed
332 4021 378 4088 qui
403 4019 513 4091 ignarus
526 4019 621 4092 ,legum
635 4028 668 4074 et
686 4021 825 4079 haesitans
851 4022 879 4077 in
896 4025 1030 4078 maiorum
1046 4022 1176 4077 institutis
1193 4022 1312 4086 dicitur,

251 4103 275 4158 is
300 4103 425 4173 profecto
451 4105 611 4160 nec-literis
628 4106 715 4162 cultus
734 4115 793 4164 erat
816 4114 844 4162 et
863 4109 943 4180 plura
960 4108 1123 4180 ignorabat,
1147 4124 1238 4176 quam
1264 4107 1315 4162 ius

254 4185 298 4252 lt)
321 4187 377 4243 Cic.
396 4188 475 4246 Brut.
493 4189 562 4248 tt..
626 4191 669 4260 15)
687 4193 745 4254 Cic.
763 4192 843 4250 Brut.
861 4193 912 4262 tl,
929 4193 973 4249 82.
1061 4191 1104 4262 18)
1123 4191 1178 4248 cic.
1199 4193 1244 4247 de
1266 4190 1314 4250 Or.

252 4267 402 4340 111.7,18.
492 4275 537 4344 17)
556 4277 591 4330 de
608 4274 658 4334 Or.
677 4277 697 4335 1.
714 4277 764 4346 60,
781 4278 842 4334 255.
877 4325 883 4333 .
931 4277 974 4347 18)
993 4295 1017 4334 e.
1037 4277 1078 4336 18.
1098 4285 1126 4334 et
1143 4277 1185 4332 ut.
