2676 4774
244 447 308 520 Μ
402 441 551 512 Buuvls
572 437 871 522 ELOQUENTIAE
894 437 998 508 ROM.
1019 435 1129 508 HIST.

244 635 295 680 sos
325 615 482 680 iustissimo
515 612 633 678 Metelli
664 613 811 694 triumpho
843 610 1016 676 aduersatus
1044 618 1125 687 erat;
1158 612 1292 692 grauiter

245 717 319 780 enirn
340 716 387 778 bic
408 715 440 778 in
459 716 686 780 obtrectatorem
706 711 804 776 laudis
826 729 899 778 suae
920 707 1140 791 insonaret).

736 928 743 941 .
767 881 817 942 14.

464 997 495 1054 G.
514 995 597 1052 Curio
615 993 651 1054 Q.
670 880 781 1050 Oat§trlus
800 993 830 1050 O.
848 991 1074 1054 anatemati.

329 1120 359 1178 G.
378 1119 542 1180 scribentur
559 1117 650 1182 curio
671 1125 794 1198 practer
815 1135 843 1181 a
864 1115 927 1180 633
949 1117 1005 1180 buc
1033 1135 1052 1180 a
1072 1116 1158 1180 nobis
1181 1116 1291 1182 dilatus

244 1226 305 1294 est,
327 1218 406 1298 pund
427 1219 635 1282 aturbulentis
656 1219 718 1283 illis
733 1217 914 1298 temporibus
933 1217 1021 1298 plane
1039 1218 1165 1284 intactus
1184 1220 1291 1280 mansit

244 1327 273 1382 et
299 1336 360 1382 uua
386 1326 498 1382 tantum
523 1321 657 1382 oratione
681 1339 734 1396 prro
756 1321 817 1379 Ser.
840 1319 941 1382 Fuluio
968 1317 1001 1376 dn
1026 1322 1132 1378 incute
1160 1319 1207 1380 sui
1229 1337 1290 1382 me·

243 1421 367 1482 moriam
388 1419 527 1482 condidit.
558 1421 605 1484 Ea
621 1419 765 1483 Giceroue
784 1435 879 1500 puero
900 1435 1080 1500 magnopere
1094 1420 1290 1499 prebebatur,

244 1519 296 1582 seel
316 1521 375 1601 ipsi
396 1521 494 1584 multis
515 1521 590 1584 loeis
611 1519 735 1602 puerilis
756 1519 1291 1596 6116661166166166616666161666,

243 1619 410 1684 tolerabilis
430 1629 527 1684 tamen
547 1621 609 1684 illis
630 1616 887 1702 temporibus(³⁴).
963 1649 966 1656 ·

327 1723 432 1802 Longe
464 1723 600 1804 superior
630 1723 699 1784 huic
729 1723 762 1792 Q.
792 1725 928 1782 Lutatiae
959 1721 994 1791 Q.
1024 1725 1057 1780 F.
1086 1721 1212 1782 cautu.
1259 1721 1289 1784 Is

242 1822 463 1910 intermortuam
479 1824 575 1902 gentis
593 1841 665 1888 suae
681 1823 864 1886 nobilitatem
879 1822 1064 1886 instaurarit.
1094 1821 1166 1884 Post
1184 1821 1288 1884 (116-

243 1924 346 1985 tatium
368 1925 456 1998 enim,
479 1925 530 2005 qni
545 1925 618 1988 uitio
636 1931 753 1988 creatus
771 1943 800 1986 a.
818 1923 882 1986 534
903 1923 1078 2002 magistratu
1098 1939 1132 1986 se
1149 1922 1287 1984 abdicare
1327 1977 1328 2008 ,

243 2032 362 2086 coactus
389 2032 449 2100 est,
475 2009 574 2090 nemo'
588 2043 626 2088 ex
652 2043 689 2088 ea
717 2033 805 2106 gente
832 2024 869 2087 ad
898 2027 1036 2088 summum
1057 2024 1200 2086 bonorem
1220 2037 1287 2104 per-

241 2126 328 2188 uenit.
368 2127 404 2189 lu
426 2125 462 2202 Q.
485 2125 590 2189 Catulo
612 2127 679 2207 ipso
698 2133 822 2208 propter
841 2126 985 2204 insignem
1003 2125 1060 2186 riri
1079 2125 1288 2204 praestantiam

241 2227 419 2306 paucitatem
439 2227 685 2299 testimoniorum,
719 2228 745 2288 si
765 2227 902 2289 bellicam
924 2227 986 2288 eius
1008 2223 1125 2288 laudern
1147 2226 1289 2300 omiseris,

243 2323 386 2387 dolemus.
428 2326 504 2388 Nam
534 2343 572 2388 ne
601 2324 637 2388 66
659 2321 821 2390 honoribus
846 2326 962 2408 quidem
983 2325 1021 2389 ab
1044 2342 1079 2388 ea
1102 2327 1196 2405 gestis
1217 2344 1287 2388 con·
1320 2328 1328 2394 1

244 2433 317 2500 stat,
340 2426 500 2489 etinctum
523 2433 647 2508 propter
668 2446 810 2491 annornm
830 2429 986 2502 rabonem,
1008 2425 1087 2506 quud
1103 2435 1289 2507 quaestorem
1319 2429 1327 2477 i

243 2544 272 2589 a.
289 2528 367 2600 632,
389 2527 536 2590 tribunum
558 2546 585 2589 a.
606 2529 683 2604 637,
701 2527 826 2592 aedilem
849 2549 877 2592 a.
893 2530 972 2602 641,
989 2533 1159 2608 praetorem
1180 2547 1208 2590 a.
1227 2529 1287 2592 645
1325 2563 1326 2570 1

230 2626 316 2691 ‚lacit
344 2627 476 2706 Pighius.
526 2628 718 2692 Consulatum
749 2629 825 2690 euim
857 2629 1067 2709 cumpetisset
1094 2646 1122 2690 a.
1149 2631 1213 2694 647
1244 2630 1287 2690 bis

242 2727 392 2808 repulsam
419 2725 487 2792 tulit
512 2747 566 2792 nec
594 2729 680 2792 modo
709 2727 742 2791 G.
763 2729 856 2792 Atilio
878 2729 1010 2793 Serrano
1035 2729 1139 2808 igunto
1169 2731 1286 2804 bomini,
1319 2718 1320 2784 ἶ

242 2828 295 2892 666
320 2830 409 2894 enan
431 2829 484 2894 cn.
505 2830 615 2894 Mallio
636 2830 770 2894 Maximo
799 2831 983 2911 posthabitus
1013 2838 1069 2904 est,
1095 2831 1207 2894 bomini
1228 2833 1286 2894 sine
1318 2834 1320 2908 j

241 2931 375 3008 ingenio,
411 2931 475 2992 sine
501 2932 624 3006 uirtute,
657 2930 782 3012 denique
809 2949 846 2992 ue
872 2931 973 3010 gratia
1000 2929 1117 3010 quidem
1149 2932 1285 3014 populari
1316 2950 1320 2961 ·

242 3029 363 3094 florente
381 3026 443 3112 (³5).
489 3029 600 3096 Consul
619 3031 712 3110 igitur
732 3049 797 3100 cum
819 3032 853 3096 G.
875 3031 976 3096 Mario
999 3039 1114 3094 creatus
1137 3050 1217 3098 auno
1239 3033 1284 3096 66-

242 3135 418 3207 61661662,
448 3149 514 3195 cunr
539 3133 570 3193 in
591 3133 657 3212 ipso
678 3134 792 3196 bonore
817 3133 864 3195 rei
887 3131 1036 3210 gerendae
1058 3134 1217 3197 occasione
1239 3152 1284 3196 aa·
1314 3145 1321 3188 t

242 3233 365 3308 ruisset,
395 3234 519 3313 imperio
544 3239 708 3314 prorogato
735 3234 767 3294 iu
794 3235 964 3295 societatem
991 3231 1112 3296 laudum
1138 3235 1172 3298 (l.
1196 3235 1282 3298 Marii
1316 3267 1320 3310 p

241 3333 329 3400 renis.
363 3333 424 3396 Sed
441 3350 536 3414 neque
554 3335 627 3396 baec
645 3352 740 3415 ueque
757 3343 892 3410 mortem,
915 3335 962 3395 cui
978 3351 1032 3396 sua
1047 3333 1113 3397 rice
1131 3336 1283 3399 crudeliter
1315 3345 1319 3408 p

240 3439 415 3514 parentasse
436 3435 524 3498 Sulla
546 3435 652 3498 dicitur
674 3435 752 3516 apud
772 3435 914 3500 Senecam
926 3427 996 3514 (³⁰),
1019 3452 1074 3496 neo
1094 3443 1280 3508 monumenta,

239 3553 365 3616 quorum
391 3538 673 3616 praestantissimum
695 3538 825 3620 porticus
847 3545 891 3598 est
912 3553 1002 3617 saepe
1024 3536 1161 3599 Ciceroni
1179 3554 1280 3599 memo·

240 3643 323 3709 rata,
360 3638 518 3700 notissimis
557 3641 732 3721 scriptorum
759 3637 931 3700 testimoniis
960 3637 1180 3700 cumulabimus.
1229 3633 1279 3699 Sed

240 3735 306 3795 iure
332 3735 440 3800 Cicero
471 3738 605 3819 plurimis
638 3739 714 3801 lueis
742 3739 976 3818 exquisitissimis
1005 3737 1142 3800 laudibus
1172 3735 1279 3800 extollit

240 3833 341 3898 Catuli
366 3835 557 3903 eruditionem
584 3849 614 3903 et
639 3840 854 3904 humanitatem.
897 3839 963 3902 Non
991 3845 1036 3900 est
1063 3837 1179 3919 quidem
1206 3837 1276 3920 priu-

238 3983 449 4000 m

307 4087 353 4154 33)
371 4087 443 4141 Gell.
461 4087 521 4142 Xll.
539 4089 564 4143 9.
601 4088 684 4142 'lates
706 4088 777 4142 euim
801 4089 941 4143 orationes
964 4086 1060 4142 baberi
1087 4087 1215 4144 solebant
1237 4084 1273 4138 de·

239 4170 385 4240 pellendae
399 4172 520 4228 invidiae
531 4186 630 4240 caum,
644 4181 674 4226 ut
688 4173 722 4228 66
733 4175 839 4229 Catone
848 4181 876 4228 et
886 4173 975 4228 Paulo
988 4173 1095 4228 scimus.
1165 4173 1216 4240 pp)
1226 4170 1272 4226 616.

239 4253 318 4310 Brut·
336 4255 387 4322 31,
405 4257 464 4314 111.
486 4257 543 4313 114.
621 4259 667 4328 35)
677 4260 733 4315 (lic.
749 4259 843 4315 Plane.
853 4259 876 4313 5.
953 4257 1076 4326 tapsar.
1091 4256 1229 4314 delralll.
1240 4252 1270 4307 18.
