2678 4776
229 437 292 504 AD
316 438 404 508 clo.
427 441 630 514 BRUTUM
654 449 745 518 cle.
768 453 818 522 30.
842 458 892 523 31.
998 467 1086 539 m

35 605 143 686 cipium
174 615 389 690 praecesserit,
427 635 486 680 mon
520 623 664 684 sententia
694 625 787 688 rerbo
818 626 899 690 linito
933 633 1080 698 conclusa.

34 705 174 785 Apertins
201 711 258 774 boc
280 714 387 779 Graeci
412 719 565 784 instituunt
592 723 693 786 addito
722 715 770 788 bv.
812 728 965 794 Sententia
990 734 1082 812 igitur

33 805 124 869 baec:
152 831 270 888 quomens
294 835 397 892 qenes,
427 828 557 897 00000010
585 829 623 884 sit
649 835 777 898 neutum,
808 832 882 889 00110
903 841 998 894 tomen
1022 856 1081 898 esea

31 910 94 966 acis·
141 909 263 975 Confert
282 917 374 978 Acad.
394 919 417 980 1.
439 922 473 995 l,
493 924 528 982 3:
551 927 610 983 isto
630 927 741 1011 quidem
760 933 819 988 iam
843 931 892 990 dic
913 943 1080 1011 exspectaus

31 1025 85 1065 nou
109 1012 200 1072 madeo
224 1023 319 1075 tomen
340 1017 481 1096 inperare.
524 1023 562 1084 11.
585 1025 696 1098 4‚11:
729 1029 812 1088 boreo
833 1040 939 1092 matera
965 1034 1079 1096 lamissi-

29 1125 90 1166 000
105 1143 150 1154 -—
163 1117 339 1175 stomachari
355 1127 449 1178 tarnem
468 1128 566 1200 coepit.
600 1123 646 1186 cf.
664 1127 816 1191 Heindorf.
837 1131 876 1193 ad
894 1133 965 1200 Hor.
981 1135 1076 1199 Ser-m.
1103 1143 1105 1146 ’

27 1205 61 1268 ll.
82 1212 193 1285 6,·.27.
226 1216 324 1278 Beier.
352 1217 390 1279 ad
412 1218 472 1282 llic.
499 1241 528 1303 p.
551 1223 651 1288 Tullio
678 1245 707 1308 p.
729 1231 780 1291 40.
803 1265 845 1272 -
875 1233 921 1295 lle
944 1236 1077 1300 exilitate

27 1305 144 1372 licendi
161 1313 329 1378 Stoicorum
347 1319 481 1383 similiter
497 1323 626 1387 iudicant
642 1327 746 1392 Cicero
765 1329 801 1392 rle
819 1333 870 1396 0r.
881 1333 932 1398 111.
952 1339 1006 1413 18,
1021 1341 1073 1403 86.

28 1406 57 1470 le
76 1411 146 1474 Fin.
167 1414 216 1479 lv.
239 1419 295 1493 28,
318 1421 384 1495 78,
411 1421 607 1498 Quintilianus
628 1427 668 1490 X.
693 1432 726 1506 1,
749 1433 800 1494 84.

30 1557 33 1562 .
107 1514 339 1594 pbilosophorum
355 1521 389 1580 de
403 1543 434 1581 se
449 1527 586 1604 ipsoram]
603 1532 729 1606 ipsoram
745 1531 896 1614 displicuit
912 1535 1069 1602 Schuetzio

29 1609 58 1671 lc
79 1613 190 1676 Stoicis
214 1617 287 1680 solis
308 1621 360 1699 agi
381 1625 508 1702 putanti,
532 1645 655 1707 qnorum
676 1631 816 1712 placitum
839 1635 943 1700 Cicero
965 1646 1071 1718 tangat

28 1713 109 1775 etiarn
132 1715 169 1778 de
186 1718 236 1780 Or.
255 1719 278 1780 l.
296 1718 353 1795 52,
371 1723 432 1785 225
444 1743 508 1805 sqq.
533 1745 564 1808 p.
579 1728 708 1790 Murena
724 1736 766 1794 29
777 1751 842 1815 sqq.
864 1737 973 1818 Parad.
984 1739 1020 1802 V.
1038 1743 1070 1800 s.

28 1811 110 1876 Recte
132 1820 269 1898 exposuit
280 1820 453 1904 Bernhardy
474 1826 666 1908 philosophos
687 1831 746 1891 iam
768 1833 950 1917 aprincipio
968 1855 1068 1900 omnes

29 1911 58 1975 de
77 1935 109 1978 se
132 1920 261 1981 sensisse
282 1921 529 2002 magnificentius,
551 1928 669 1991 Stoicos
691 1939 787 1994 autem
809 1951 873 1996 eam
895 1939 1066 2002 senteutiam
1159 1941 1170 1956 '

29 2013 117 2079 dedita
139 2037 234 2100 opera
254 2022 406 2087 auxisse..
425 2029 804 2108 Ipsorompbllosopbmcm
824 2034 916 2114 igitur
937 2046 982 2100 est
1001 2039 1066 2104 τῶν

28 2111 216 2204 φιλοσόφων
235 2112 343 2185 αὐτῶν
365 2115 441 2188 καθ’
467 2119 617 2204 ἑαυτούς,
640 2149 664 2191 s·
687 2121 846 2218 ἆρχῇθεν.

101 2222 173 2283 116.
215 2224 365 2300 molarios]
388 2243 414 2287 c.
431 2228 487 2301 68,
505 2231 582 2291 239;
602 2231 633 2288 0.
644 2235 713 2291 Piso
728 2239 867 2294 01010νό00
883 2246 911 2297 et
927 2243 1065 2301 sermome
1163 2224 1170 2236 ⁸

27 2316 113 2390 plenos
134 2330 244 2381 orator.
281 2323 433 2406 Sumptum
453 2329 510 2390 boc
532 2329 569 2390 ab
585 2332 701 2395 actione
719 2335 915 2412 scenicorum,
938 2357 1064 2420 qnorum

28 2415 71 2477 alil
89 2421 174 2484 rultu
194 2440 268 2486 uoce
289 2432 369 2488 motu
390 2427 471 2490 lenes
494 2438 523 2492 et
544 2435 630 2512 quasi
650 2438 820 2518 temperati,
843 2439 897 2502 alii
913 2441 1010 2520 agiles
1032 2451 1062 2507 et

28 2523 113 2597 arguti
133 2530 217 2598 sunt;
242 2533 336 2588 motus
359 2529 434 2591 enim
455 2530 508 2594 ille
530 2533 656 2607 difficilis
678 2544 722 2599 est
743 2557 828 2619 quem
851 2541 957 2606 Graeci
982 2564 1061 2610 ποι·

29 2611 105 2683 uiior
134 2632 260 2700 uocant,
292 2645 347 2690 nos
378 2631 524 2692 lliustlteb.
572 2634 636 2698 Hoc
667 2639 697 2699 im
715 2643 912 2720 'pantomimis
945 2643 1059 2708 dnobus

27 2714 162 2786 Demetrio
175 2724 177 2730 ’
192 2732 220 2786 et
242 2727 389 2792 Stratocle
418 2734 566 2813 copiosius
595 2738 765 2816 exsequitur
788 2739 986 2813 Quintilianus
1007 2743 1059 2802 Xl.

28 2819 55 2894 3,
75 2825 141 2891 178.
194 2825 268 2888 Nam
290 2833 414 2890 amores
430 2833 652 2903 comoediomm,
687 2849 761 2911 quos
791 2835 844 2896 1110
874 2837 959 2911 licit,
992 2849 1060 2902 sumt

27 2929 254 2998 pantomimorum
275 2931 460 2993 comicorum.
506 2934 620 2990 Veritus
642 2929 779 2994 Ciceroni
807 2941 851 2996 est
873 2939 1056 3012 Nemeaeus,

28 3025 143 3089 molemus
164 3037 295 3092 nostrum
318 3033 471 3109 impotiicb,
494 3032 625 3110 pciniicb.

94 3128 205 3193 XXXI.
250 3135 320 3194 117.
366 3134 399 3204 Q.
426 3133 526 3192 Aelium
558 3133 678 3210 Tubero]
712 3135 815 3198 consul
846 3133 983 3198 suffectus
1008 3139 1054 3203 M.

27 3219 116 3291 Porcio
138 3231 245 3294 (latomi
266 3234 310 3295 M.
330 3233 363 3295 F.
380 3233 424 3296 M.
442 3233 618 3310 macas,
641 3235 777 3298 Panaetii
797 3235 916 3300 auditor
935 3243 964 3300 et
986 3239 1055 3302 sim-

26 3321 138 3399 plicitate
159 3334 253 3396 rictus
275 3334 460 3414 antiquorum
481 3343 643 3418 temporum
666 3338 844 3402 aemulator:
873 3341 1056 3420 cipriani

27 3419 180 3496 Panaetium
196 3454 226 3516 p.
240 3437 310 3497 116.
339 3435 400 3498 Cic.
419 3455 448 3516 p.
465 3437 594 3500 Murena
609 3441 659 3501 36.
692 3439 788 3502 Etiam
805 3441 917 3505 llecato
934 3442 1055 3532 Stoicus

27 3519 103 3592 libros
122 3554 191 3598 suos
211 3535 248 3598 de
269 3535 374 3598 officiis
396 3537 464 3600 hnic
483 3539 648 3620 inscripsit:
673 3537 736 3600 Cic.
752 3539 817 3602 Fin.
832 3542 883 3605 IV.
905 3545 939 3618 9,
958 3546 1009 3606 23.
1052 3584 1054 3592 ν

94 3641 270 3697 oecumenem
290 3657 411 3715 soporas
433 3675 472 3684 -
493 3659 551 3699 coo
571 3638 682 3714 babere]
706 3639 934 3706 necGiceronis
955 3653 1053 3711 meloto

27 3723 98 3792 aliter
119 3745 191 3798 erat.
233 3738 400 3804 Verebatur
421 3740 496 3801 enim
517 3755 614 3817 augur
637 3736 741 3814 Cicero
764 3742 803 3806 ad
822 3745 954 3810 Atticum
976 3750 1051 3812 scri-

27 3820 84 3890 heus
103 3834 167 3900 ΧΠ.
192 3839 241 3901 18.
264 3857 300 3900 ne
322 3857 388 3902 sors
410 3839 446 3900 do
468 3858 520 3902 suo
542 3838 673 3901 iudicatu
695 3830 896 3908 eluseremr.

96 3937 231 4016 Graccho]
250 3946 354 4002 contra
367 3939 463 4004 Orelli
478 3940 509 4024 im
523 3941 709 4005 Onomastico
727 3945 898 4005 sententiam
908 3945 1049 4024 Meyerus

27 4018 108 4094 locuit
128 4036 160 4100 G.
176 4039 338 4103 Gracchum
355 4041 530 4120 significari,
553 4058 616 4102 cum
634 4041 748 4106 dicatur
768 4043 815 4104 hic
832 4043 945 4124 absque
960 4061 1049 4125 prae-

27 4131 139 4212 nonium
160 4141 285 4203 maxime
306 4143 376 4222 quic
396 4141 430 4204 G.
451 4141 576 4204 Gracchi
597 4143 627 4204 iu
644 4143 830 4206 Tuberonem
851 4144 947 4206 oratio
969 4161 1048 4208 com-

27 4231 183 4303 renuatur
204 4241 283 4324 apud
303 4242 485 4306 Priscianum
507 4247 527 4306 t.
546 4243 569 4306 l.
591 4261 621 4326 p.
643 4245 712 4307 108.
737 4243 782 4306 01.
799 4244 901 4307 Krebl.
