2660 4776
238 399 333 474 104
399 395 549 466 ttntvts
570 394 870 478 ametimos
892 393 997 464 ROM.
1018 395 1129 464 alst.
1247 401 1250 406 '

242 570 304 635 lari
318 569 445 634 dictione
467 569 616 633 excelluit
650 569 771 650 Reliqui
785 576 897 644 autem,
920 569 972 649 qui
991 569 1024 630 in
1043 567 1161 630 iudiciis
1180 567 1274 632 lanan

244 674 373 735 assecuti
388 681 472 748 suut,
487 679 539 733 aut
555 669 634 752 quod
648 669 852 732 adnleseentes
867 676 980 744 essent,
994 676 1027 732 ut
1044 669 1165 732 Caelius
1180 669 1274 734 cous

244 773 344 836 Pollio
364 773 527 847 Messalla,
554 779 606 834 aut
633 769 713 852 quod
732 772 863 834 moribus
890 769 999 852 perditi
1020 778 1120 846 eraut,
1148 777 1180 832 ut
1199 770 1274 834 Gurio

243 873 364 936 illorum
385 873 560 956 quibusdan
584 881 683 936 aotam
703 891 776 954 par,
800 873 833 934 iu
852 872 1066 934 deliberatione
1086 873 1207 953 publiea
1231 889 1277 934 nou

244 975 394 1040 valebant
428 976 502 1040 Gato
525 983 623 1038 autem
642 982 746 1036 orator
764 993 825 1036 uon
846 982 926 1049 erat,
946 974 1004 1036 loo
1025 981 1070 1034 est
1089 991 1150 1035 non
1171 973 1278 1035 curabat

246 1095 306 1157 quo
323 1077 411 1140 modo
433 1077 585 1139 audientes
603 1075 766 1140 delectaret
785 1083 874 1156 atque
890 1083 1036 1149 moueret,
1056 1073 1109 1136 sed
1129 1075 1215 1136 falsis
1228 1073 1278 1138 reri

245 1177 445 1240 similitudinis
475 1179 654 1257 imaginibus
685 1176 794 1238 nudam
824 1185 854 1238 et
883 1185 995 1238 reetam
1022 1177 1177 1238 ueritatem
1205 1191 1279 1256 prae·

245 1279 385 1358 ponebat.
427 1279 502 1342 lliuo
527 1297 583 1340 neo
609 1277 689 1360 apud
710 1273 854 1359 'populum
880 1295 935 1340 neo
962 1276 1040 1358 apud
1060 1285 1195 1358 potentes
1220 1277 1279 1338 satis

246 1378 381 1454 ualebat,
413 1397 581 1459 quanquam
609 1386 743 1460 spectata
769 1380 848 1442 ritae
872 1380 1030 1458 integritas
1053 1379 1185 1440 orationi
1209 1377 1280 1439 iden

246 1478 393 1542 leniebat:
418 1480 472 1542 ille
497 1480 573 1542 euin
594 1488 659 1542 arte
686 1487 715 1541 et
735 1479 888 1542 blanditiis
908 1481 1034 1555 moreri,
1059 1481 1092 1541 bi
1116 1480 1202 1559 leges
1226 1477 1281 1540 tolli

247 1579 401 1656 uolebant,
421 1588 455 1643 ut
469 1589 630 1660 regnarent
645 1581 720 1662 ipsi3
740 1581 784 1642 itu
798 1588 909 1656 tanen,
925 1589 958 1642 ut
972 1582 1081 1645 reteris
1096 1580 1281 1661 reipublicae

249 1682 365 1746 eversio
386 1681 492 1744 fallaci
507 1681 654 1744 libertatis
676 1682 775 1762 speeie
790 1681 1024 1762 praetexeretur.
1055 1681 1118 1746 Sed
1137 1699 1175 1743 ue
1189 1680 1281 1746 (lineo

249 1781 379 1863 quidem,
400 1801 465 1844 oum
482 1790 560 1844 esset
578 1784 666 1844 etiam
685 1784 717 1844 iu
733 1783 875 1864 populari
895 1781 1010 1844 dieeudi
1027 1799 1139 1862 genere
1158 1790 1189 1843 et
1207 1799 1282 1843 seue·

248 1883 328 1945 toria
342 1884 486 1946 sententia
505 1885 658 1966 princeps,
679 1884 711 1944 iu
725 1901 760 1946 re
775 1883 897 1965 publicu
912 1901 977 1946 earn
998 1883 1187 1962 dignitatem,
1208 1899 1283 1963 mun

248 1981 322 2046 dare
339 1985 490 2064 ingenium
510 1992 540 2046 et
553 1986 682 2048 lrouores
695 1983 880 2061 riderentur,
902 1985 975 2046 satis
992 1985 1071 2046 tueri
1084 1985 1190 2064 potuit.
1220 1983 1283 2046 llam

249 2090 279 2146 et
299 2082 332 2144 id
351 2093 465 2167 tempus
487 2094 568 2162 erat,
595 2104 654 2168 quo
681 2086 749 2168 plus
772 2093 895 2167 possent
921 2085 1042 2164 regales
1067 2103 1128 2146 uon
1148 2084 1283 2146 nullorum

248 2201 321 2266 opes
352 2186 530 2248 militaribus
557 2189 651 2267 copiis
685 2195 738 2249 aut
766 2188 936 2266 ingentibus
967 2186 1112 2248 clientelis
1143 2187 1284 2259 subnixae,

249 2301 339 2364 qoam
357 2285 462 2347 laudes
479 2289 604 2348 lroneste
618 2289 788 2366 quaesitue3
810 2296 840 2350 et
857 2288 980 2363 Cicero,
1003 2305 1067 2349 oum
1082 2303 1149 2349 sese
1163 2287 1284 2350 omuibus

249 2383 339 2444 rebus
361 2392 482 2464 praeter
503 2387 652 2465 ingenium
679 2390 816 2469 superari
842 2389 881 2450 ab
904 2387 974 2450 aliis
987 2387 1107 2450 'rideret
1134 2395 1164 2449 et
1191 2387 1285 2449 iduoia

249 2483 297 2544 sui
314 2483 403 2563 plane
419 2493 549 2562 oareret,
569 2495 638 2568 post
658 2488 842 2570 splendidum
856 2489 941 2551 illum
957 2489 1140 2552 consulatum
1162 2489 1202 2552 ad
1215 2491 1284 2552 ritae

249 2600 346 2663 usque
366 2583 450 2646 inem
471 2589 686 2668 potentioribus
705 2591 862 2653 seruiebat.
899 2591 1014 2672 ltaque,
1037 2608 1102 2652 oum
1122 2607 1189 2652 sese
1209 2589 1286 2652 foede

248 2683 384 2746 relictum
407 2686 567 2768 aliquando
591 2697 621 2752 et
642 2691 825 2754 inimieorum
845 2691 961 2752 iniuriis
982 2693 1147 2772 expositum
1166 2692 1287 2768 uidisset,

248 2791 347 2846 nmen
368 2785 514 2850 dominum
540 2791 652 2852 instare
676 2791 882 2872 reipublicae
907 2793 1079 2872 intelligens
1099 2811 1166 2857 earn
1189 2793 1287 2854 faotio-

247 2902 315 2947 uem
335 2895 506 2951 constanter
525 2899 641 2953 seoutus
659 2899 717 2966 est,
739 2911 827 2973 quum
848 2893 966 2972 legibus
987 2902 1016 2955 et
1035 2894 1175 2956 institutis
1191 2894 1287 2974 patriis

247 2987 342 3050 minus
361 2989 509 3054 hostiliter
527 2992 678 3054 imminere
695 2992 818 3055 uideret.
850 2993 1044 3074 lutelligimus
1064 2996 1158 3074 igitur
1175 2996 1287 3060 Gioero-

247 3103 328 3162 nem,
355 3106 420 3151 oum
446 3093 572 3154 maxine
591 3093 725 3155 floruerit
746 3095 931 3176 eloquentia,
956 3097 1003 3158 rei
1022 3096 1162 3178 publicae
1181 3098 1287 3159 ruinam

248 3188 430 3270 aliquantum
456 3192 573 3272 quidem
599 3195 711 3256 morari
737 3195 790 3256 sed
817 3213 921 3258 aroere
947 3215 1008 3260 nou
1032 3199 1129 3276 magis
1156 3199 1287 3278 potuisse,

249 3307 339 3370 mam
358 3291 583 3362 Demosthenem
614 3295 684 3356 olim
709 3297 928 3359 Atheniensem:
959 3315 1045 3378 quem
1072 3315 1138 3360 oum
1163 3298 1288 3379 pericula

145 3467 151 3479 ,
249 3389 371 3468 publiea
400 3399 481 3455 recte
507 3394 617 3458 sentire
643 3395 722 3460 uires
748 3397 964 3478 intelligerent,
996 3399 1081 3480 sequi
1109 3407 1207 3462 tamen
1232 3416 1287 3460 mo·

249 3496 365 3553 nentem
384 3492 552 3556 uoluerunt.

334 3591 467 3656 Tertium
490 3595 677 3675 eloquentiae
698 3614 806 3677 genus,
834 3597 915 3680 quod
937 3599 1044 3664 Graeci
1064 3593 1286 3671 a’reedormno'r,

222 3709 224 3714 ¹
250 3687 449 3766 Quintilianus
473 3693 730 3761 demonstrativum
750 3707 853 3775 uocat,
881 3699 962 3762 ultra
987 3698 1191 3762 laudationum
1212 3699 1286 3760 iuue-

249 3788 346 3852 brium
367 3809 477 3854 morem
496 3805 693 3876 propagatum
713 3816 773 3861 nou
795 3808 854 3875 est;
880 3801 954 3862 illae
977 3808 1073 3861 auteur
1095 3799 1211 3860 dicendi
1231 3799 1286 3879 qui·

250 3888 330 3968 dem,
350 3891 403 3954 sed
421 3911 481 3978 non
498 3897 571 3958 artis
589 3900 739 3962 oratoriae
756 3918 890 3982 campum
904 3887 1049 3982 quendam
1062 3900 1286 3986 poteiaoiebaut:

249 3991 434 4058 habebantur
456 3997 532 4062 enim
552 4016 612 4062 uon
634 4019 653 4064 a
673 4002 858 4084 peritissimis
880 4003 1063 4080 oratoribus,
1085 3999 1138 4065 sed
1157 4019 1177 4064 a
1194 3999 1287 4085 prori-

250 4094 304 4156 ntis
325 4104 527 4177 cognatorum.
1083 4107 1086 4111 '
