2640 4780
320 413 514 484 BRUTUS
542 411 634 484 GAP.
655 416 707 486 36.
729 417 781 486 37.
996 417 1079 492 m

49 605 98 674 que
120 585 186 664 rix,
216 591 249 652 et
275 582 389 653 dudum
415 585 457 652 ad
484 581 726 654 Demosthenem
753 593 785 653 at
805 583 1000 674 Hyperiden,
1028 589 1077 656 sio

40 723 117 774 ,uuus
147 702 187 770 ad
214 701 384 770 Antonium
414 699 625 791 Crassumque
654 705 862 793 pervenimus.
911 724 986 772 uam
1015 727 1077 793 ago

49 824 87 888 sio
116 823 264 888 existumo
301 820 361 888 hos
393 831 537 888 oratores
568 823 668 890 fuisse
700 841 862 890 mauumos
899 831 931 890 et
961 825 996 891 in
1026 823 1078 894 1118

47 941 161 1026 primum
192 960 262 1007 oum
293 937 486 1008 Graecorum
517 939 623 1026 gloria
651 938 764 1008 Latine
797 940 923 1008 dicendi
955 943 1078 1032 copiam

49 1067 207 1145 aequatum.

54 1153 61 1174 '
117 1173 279 1244 xxxvto.
312 1176 384 1244 rao.
419 1172 533 1244 Omma
559 1177 729 1246 venenant
755 1177 893 1246 moeno
925 1178 963 1246 u
990 1197 1078 1246 uen-

47 1303 109 1374 tem3
130 1313 229 1382 eaque
252 1315 310 1362 suo
332 1315 474 1384 quaeque
494 1295 584 1375 loco,
608 1295 663 1363 ubi
684 1296 854 1385 plurumum
872 1296 1024 1386 proicere
1046 1307 1078 1366 et

41 1410 138 1480 ualere
163 1423 309 1502 possent,
341 1425 375 1482 ut
407 1415 447 1482 ab
477 1417 676 1512 imperatore·
697 1417 818 1502 equites
845 1414 967 1504 pedites
995 1415 1078 1484 lovis

47 1541 204 1613 armatura,
240 1535 288 1600 sie
318 1533 358 1600 ab
387 1532 444 1602 illo
479 1536 513 1601 in
540 1553 683 1630 maxume
716 1535 895 1624 opportunis
925 1536 1078 1602 orationis

45 1649 167 1733 partibus
183 1649 441 1730 collocabantum
462 1649 538 1720 Erat
553 1655 706 1720 momoria
722 1672 857 1732 summa,
875 1652 964 1720 nulla
979 1651 1078 1720 medi-

45 1768 156 1836 tationis
178 1771 329 1856 suspicio.
363 1771 533 1857 imparatus
555 1791 679 1859 semper
701 1771 833 1858 aggredi
856 1770 1078 1838 addicendum

45 1885 211 1954 utebatur:
242 1887 370 1954 sedita
397 1899 465 1954 erat
491 1899 634 1976 paratus,
665 1899 698 1956 ut
723 1889 844 1956 iudices
872 1887 929 1955 ilio
955 1888 1077 1956 dicento

44 2023 97 2070 uon
118 2025 276 2093 uunquam
302 2005 482 2074 viderentur
506 2024 571 2071 uon
601 2007 679 2072 satis
706 2009 809 2106 papati
838 2006 879 2071 ad
906 2007 1079 2072 cavendum

44 2119 138 2190 fuisse.
182 2120 392 2190 litiat'erba
418 2124 488 2210 ipsa
512 2141 576 2188 uon
604 2121 663 2188 illa
688 2122 812 2208 quidem
833 2121 1078 2208 elegantissumo

45 2257 195 2309 sermone:
225 2243 330 2328 itaque
356 2241 524 2330 diligenter
549 2238 699 2327 loquendi
719 2239 813 2307 laude
836 2243 949 2320 caruit,
975 2261 1078 2328 neque

35 2341 135 2426 tamen
167 2369 218 2426 est
249 2359 414 2426 admodum
446 2360 605 2448 inquinate
638 2357 777 2438 loeutus3
817 2359 874 2426 sed
906 2358 965 2426 illa
997 2379 1078 2448 quae

44 2481 154 2564 pmprie
182 2478 256 2544 laus
283 2482 419 2545 oratoris
449 2488 498 2546 est
527 2480 561 2544 in
587 2477 711 2544 verbis:
741 2497 815 2544 nam
843 2480 944 2565 ipsum
964 2476 1078 2546 Latino

43 2590 118 2680 loqui
146 2607 195 2664 est
223 2595 301 2662 illud
330 2597 468 2684 quidem,
499 2606 532 2664 ut
559 2595 654 2684 paulo
687 2605 759 2664 ante
789 2596 868 2676 diui,
900 2599 933 2662 in
962 2617 1079 2686 magna

44 2708 125 2780 laude
147 2715 339 2802 ponendum,
369 2715 426 2782 sed
452 2734 516 2782 non
541 2723 606 2780 tam
635 2733 695 2780 sua
723 2723 848 2801 sponte,
877 2735 969 2801 quam
996 2717 1080 2802 quod

44 2839 83 2895 est
103 2850 123 2898 a
142 2812 309 2920 plerisque
323 2835 515 2917 neglectum
543 2850 607 2896 uon
628 2833 711 2896 euim
731 2840 795 2895 tam
814 2831 1010 2916 praeclarum
1032 2843 1081 2900 est

43 2949 114 3016 seire
130 2947 261 3026 Latine,
283 2967 378 3034 quam
393 2957 480 3034 turpe
499 2947 639 3023 nescire,
661 2965 762 3032 neque
779 2956 843 3013 tam
864 2947 898 3014 id
912 2947 988 3014 mihi
1007 2969 1080 3017 ora-

97 3182 144 3225 tas,
172 3177 315 3236 Hyperiden]
329 3179 473 3238 Hyperidem.

44 3348 104 3405 iaec
122 3350 233 3406 Graeca
250 3349 352 3417 torma,
377 3366 456 3420 quam
480 3357 604 3406 accurate
625 3351 732 3406 ooiiatis
752 3351 830 3406 libris
850 3353 1021 3410 multifariam
1038 3373 1082 3411 re-

44 3437 157 3492 stitutum
171 3437 204 3490 iri
217 3435 396 3506 scriptoribus
411 3435 565 3506 opinamur,
577 3439 647 3492 inest
661 3439 690 3492 in
702 3437 752 3508 Lg.
764 3438 790 3492 8.
804 3437 847 3492 39.
860 3439 902 3492 51.
914 3441 956 3494 68.
976 3441 1046 3496 Ven.
1057 3442 1080 3496 1.

45 3517 132 3576 0ttob.
152 3522 215 3576 Vat.
251 3520 324 3576 Nam
341 3521 451 3574 nornine
467 3523 593 3592 propria,
614 3540 684 3591 quae
703 3524 950 3592 patronymicorum
968 3524 1082 3596 tignorum

45 3606 172 3674 referunt,
187 3623 242 3661 non
259 3623 292 3660 ea
303 3607 453 3661 severitate
467 3624 528 3661 esse
543 3607 703 3672 iudicanda,
720 3623 775 3676 qua
787 3609 879 3676 qualia
890 3619 952 3664 sunt
964 3610 1082 3668 Aeschi-

46 3703 91 3744 aos
110 3689 326 3746 Demosthenes
348 3691 516 3760 similiaque,
539 3691 734 3768 rectepudtcat
752 3691 934 3748 Schneiderus
952 3696 1000 3752 Gr.
1017 3697 1080 3756 Lat.

47 3776 246 3847 mstpst

107 3877 249 3934 xxxvto.
287 3875 344 3931 rao.
380 3845 533 3944 munde]
559 3875 598 3930 oc
621 3835 670 3948 ng.
688 3877 713 3932 s
732 3878 775 3936 ao.
794 3879 836 3934 51.
858 3881 900 3937 aa.
919 3883 961 3937 as.
980 3885 1022 3938 os.
1041 3885 1082 3938 ro.
1150 3949 1155 3956 ,

48 3956 135 4018 011111).
157 3966 239 4018 iterat
261 3965 396 4018 monime
420 3969 484 4016 ante
507 3961 729 4019 collocabantur
753 3964 804 4024 Gu.
827 3967 849 4018 1.
868 3993 903 4005 ·-
931 3983 990 4021 non
1012 3984 1083 4022 non·

48 4050 142 4116 quom]
163 4049 271 4104 divisim
290 4046 341 4115 Lg.
358 4047 384 4101 8.
404 4045 446 4102 39.
467 4046 507 4100 56.
526 4046 567 4104 70.

111 4149 168 4207 lto.
206 4149 446 4220 elepantisoomo]
461 4147 693 4221 dilipentdsoimo
708 4109 757 4221 ing.
769 4129 931 4204 3111088-
943 4151 1084 4226 proprie]

48 4237 167 4306 proprio
182 4234 278 4290 hamb.
291 4252 328 4280 ··-
345 4240 390 4291 ese
406 4233 481 4292 titud
498 4236 628 4308 potem]
645 4237 746 4294 iterant
761 4243 805 4294 est
823 4233 887 4308 po'st
903 4233 972 4292 haec
989 4237 1042 4295 Gn.
1058 4239 1083 4292 1.
