2676 4774
185 461 333 534 anavus
355 451 910 550 snooossnsnnaons.n1sn'.
1019 476 1071 550 ιι

40 645 110 700 tores
136 637 280 702 exstitisse
308 645 532 704 consentaneum
553 649 614 721 ιιι)
641 641 694 708 sed
721 646 890 710 senatoriae
911 649 1073 716 sententias

41 747 163 802 auctores
197 757 311 822 pancos
342 741 435 805 fuisse
465 750 588 807 constat.
640 745 718 826 *cun
751 745 873 828 rigebat
903 747 1072 828 biduanos,

41 842 107 902 inter
131 841 214 904 buius
242 849 272 904 et
293 841 328 921 Q.
348 841 466 907 Metelli
485 843 675 909 Macedonici
704 856 805 929 panes
835 849 928 913 omnis
954 859 1073 916 senatus

41 940 114 1021 quasi
143 941 253 1005 medius
281 949 360 1007 erat:
391 945 446 1008 bos
472 945 553 1010 uiros
576 947 778 1026 intuebantur,
810 947 916 1014 bonam
941 951 1073 1016 anctori-

41 1049 117 1104 tatem
135 1041 333 1124 sequebantur
354 1061 463 1108 omnes.

110 1143 262 1209 Postrema
290 1161 384 1226 genus
413 1145 571 1228 eloquendi
597 1146 866 1222 dcaaoastrottoum,
899 1169 974 1232 quas
1005 1148 1074 1215 lau-

40 1241 157 1307 dationes
185 1253 215 1308 et
234 1247 467 1328 vituperationes
488 1247 614 1312 Romani
634 1255 758 1326 uocant,
787 1257 819 1313 nt
840 1250 919 1332 apud
942 1252 1073 1317 Graecos

40 1343 109 1424 ipsos
128 1345 222 1426 magis
246 1346 411 1412 delectandi
430 1365 524 1413 eausa
545 1367 632 1431 quam
648 1349 824 1413 necessitate
841 1351 944 1434 aliqua
961 1359 1073 1418 unua·

40 1451 89 1506 tun
111 1454 166 1524 est,
186 1455 309 1530 praeter
330 1451 481 1514 contiones
500 1449 638 1514 funebres
660 1467 720 1514 non
739 1450 829 1514 alium
848 1452 906 1515 nisi
920 1453 1073 1520 fortuitam

42 1545 177 1615 bcaosia
199 1548 252 1616 sel
272 1551 447 1615 testimoniis
468 1549 600 1616 dicendis
621 1551 719 1616 locam
740 1547 928 1635 reperit(⁶⁵).

500 1724 528 1809 ι.
553 1723 603 1786 ιι.

433 1835 550 1892 Dicendi
569 1834 666 1892 iornsa.

109 1935 152 2002 Ile
174 1935 293 2003 dinami
308 1940 420 2019 dorma,
443 1959 521 2024 qnae
541 1941 598 2004 bac
615 1947 712 2005 aetate
728 1941 868 2016 obtinuit,
889 1941 964 2004 bene
982 1939 1074 2019 Quin·

43 2034 145 2102 tilianus
155 2036 209 2122 (ω)
228 2039 341 2105 iudicat
360 2043 392 2104 in
413 2044 520 2106 artium
535 2043 699 2106 statuariae
716 2049 746 2104 et
764 2041 916 2104 oratoriae
932 2049 1077 2122 prouentu

43 2142 222 2222 conparando
235 2141 408 2208 Ciceronem
423 2151 541 2206 secutus
551 2137 615 2222 (⁰⁷).
652 2141 737 2216 „Sal
750 2139 845 2216 focca,
861 2141 971 2222 inquit,
988 2159 1076 2220 quoe·

43 2236 97 2298 itm
118 2262 221 2318 omero
248 2244 356 2304 dicendi
389 2244 546 2306 coaditiocs
574 2253 730 2322 leucocoum
759 2241 938 2313 horridiora,
967 2241 1076 2319 alioqui

43 2356 158 2416 attotam
185 2349 248 2404 icat
273 2348 379 2424 moscii
405 2349 465 2406 cisra
490 2365 562 2426 prce
580 2365 612 2406 aa
633 2344 764 2420 serratio.
808 2345 884 2402 Hinc
904 2346 962 2402 aiot
981 2341 1077 2402 Lucili

43 2437 159 2512 Atriam
186 2445 309 2506 Gaesao
333 2449 423 2506 ctiam
446 2448 637 2526 Graccbiqoe,
666 2465 736 2524 oscos
762 2454 794 2505 to
821 2446 885 2505 licat
905 2443 1077 2519 Polyyaotoa

44 2540 76 2596 tel
103 2544 236 2606 coum
262 2547 395 2624 appelles.
444 2547 574 2608 Modiam
605 2547 688 2607 tuom
712 2547 838 2622 focatum
869 2541 1014 2622 (Phidiae
1047 2549 1077 2606 et

45 2644 215 2726 aequalium)
248 2655 361 2707 testeam
392 2649 428 2708 la.
464 2648 585 2708 ὒιιιιιιι
617 2648 651 2718 Q.
683 2649 893 2707 Horteasics.“
944 2643 1077 2708 Laudem

44 2839 118 2907 icisse
138 2847 219 2910 baud
241 2849 341 2930 inepte
362 2847 468 2912 Cicero
489 2843 683 2926 iudicat(⁶³),
708 2866 728 2909 a
749 2848 831 2909 cuins
853 2846 999 2908 sententia
1018 2861 1078 2911 aaa

45 2943 145 3008 nultum
163 2947 270 3024 distat,
294 2949 377 3010 cuius
394 2948 481 3010 modo
498 2948 664 3010 testimonio
682 2949 729 3009 nsi
748 2963 861 3022 snmus,
879 2943 1078 3022 Quintilianus

46 3039 198 3126 Scipionem
225 3055 255 3109 et
275 3047 412 3110 Laelium
437 3045 572 3108 indicans
602 3047 689 3128 qnasi
706 3046 806 3110 Attica
832 3044 960 3128 quadan
980 3046 1011 3108 is
1030 3044 1078 3107 lo·

45 3147 143 3220 qnando
178 3147 314 3210 cecitate
337 3163 410 3210 usos
435 3145 531 3211 uideni
549 3141 617 3226 (⁰⁹):
646 3147 725 3230 quod
751 3164 811 3210 non
834 3148 907 3209 artis
931 3162 986 3208 nec
1009 3162 1078 3208 cra-

46 3239 144 3310 ditionis
160 3246 233 3325 init,
254 3247 309 3313 sed
323 3255 465 3325 naturae,
487 3249 630 3312 sermonis
646 3249 746 3312 Latini
764 3249 935 3328 integritate
951 3245 1079 3310 nondum

46 3348 176 3412 sanarum
205 3351 336 3430 gentium
365 3347 532 3415 cobuuone
561 3357 713 3434 corrupta.
762 3349 837 3412 ilinc
867 3348 1006 3411 mulieres
1038 3348 1078 3410 ab

36 3452 140 3513 emensi
167 3452 258 3514 moris
285 3452 463 3532 contagione
482 3451 661 3532 integriores
680 3458 809 3516 ueterem
829 3451 972 3514 sermonis
994 3451 1077 3531 puri·

36 3525 118 3620 itatem
134 3560 163 3616 et
178 3554 265 3634 qnasi
282 3551 440 3616 eandorem
456 3552 618 3616 diadesime
632 3553 815 3615 retinuerunt
824 3547 889 3630 (⁷⁰).
918 3551 1079 3614 Fateantnr

38 3623 122 3725 io'tur
149 3671 214 3716 cum
239 3654 340 3719 Tullio
369 3673 490 3719 necesse
519 3662 564 3718 est
591 3655 699 3718 Latine
722 3653 807 3734 loqui
838 3651 865 3713 si
893 3652 1011 3715 abesset
1038 3651 1077 3715 ab

50 3755 302 3832 araurettonanu
320 3757 578 3836 magnanimum,
598 3755 762 3830 suadesset
777 3753 924 3832 exiguam,
945 3753 1078 3834 quamtis

41 3849 228 3919 necessariam
256 3857 374 3920 laudem
396 3857 492 3922 uideri
513 3855 661 3919 debuisse.
705 3855 766 3921 Sed
787 3854 934 3936 simplices
955 3851 1004 3915 illi
1022 3853 1078 3916 bc-

48 3950 136 4032 bines,
165 3958 220 4020 etsi
247 3976 360 4020 morum
378 3959 498 4021 castitas
521 3958 608 4018 etiarn
625 3957 724 4021 serbis
744 3953 828 4040 puris
850 3953 1078 4035 exprimebatur,

104 4117 146 4187 ιι)
165 4119 445 4186 anomoeusion.
464 4115 743 4188 succressens.
830 4117 877 4186 ιι)
893 4115 1005 4176 monor.
1018 4111 1078 4168 xrs.

64 4195 88 4263 θ,
101 4201 136 4257 10.
221 4205 268 4275 ιι)
286 4203 365 4262 ιιι
380 4205 425 4272 ιι,
438 4205 479 4261 ιι.
566 4206 612 4274 ιι)
629 4205 709 4261 ιιι.
724 4205 772 4269 ιι,
785 4203 844 4257 ιιι.
930 4199 977 4263 ιι)
995 4198 1079 4258 outn-

69 4279 82 4335 1.
95 4283 147 4344 ιι.
166 4291 212 4360 ro,
230 4289 272 4348 au.
361 4290 407 4360 ιι)
425 4291 482 4348 osc.
501 4289 537 4345 no
550 4287 600 4346 or.
616 4289 662 4344 111.
683 4287 731 4356 se,
748 4287 791 4344 ιι.
816 4287 850 4342 ιι.
865 4283 944 4340 mua
960 4281 1005 4346 ae,
1018 4281 1077 4332 nso.

846 4389 868 4452 2
