2644 4774
206 429 268 498 Al)
292 428 917 498 ere.B1cUTUMcur.58.5e.cc.
987 431 1086 504 aba

132 605 199 668 212.
228 605 288 666 'bic
314 605 421 683 Scipio]
455 601 494 682 Q,
523 585 673 668 Caecilius
703 601 845 668 Metellus
875 601 947 665 Pius
974 601 1111 688 Scipio„

59 720 133 767 socer
157 712 185 768 et
206 705 327 785 collega
346 707 479 788 Pompeii
505 706 593 770 tertio
614 703 770 770 consulatu
793 723 820 766 a.
844 705 920 780 702,
946 704 1031 768 Bruti
1054 706 1086 768 iu

57 805 220 886 pontificatu.
264 805 414 871 Interiecit
428 825 460 870 se
479 815 547 890 pust
561 824 691 889 pugnam
713 805 752 870 ad
768 805 917 888 Thapsum
936 793 1087 870 inAfriea

57 925 80 968 a.
97 909 162 972 708.
197 909 350 991 Prouepos
371 917 437 974 erat
456 909 490 973 P.
508 909 657 992 Scipionis
675 907 803 972 Nasicae
824 906 1013 989 Serapionis,
1034 909 1085 990 pai

56 1007 95 1068 Ti.
118 1011 277 1074 Gracchum
303 1010 467 1086 interiecit,
499 1017 528 1074 et
557 1009 716 1092 adoptione
743 1008 862 1072 Metelli
886 1009 933 1072 Pii
960 1010 991 1072 in
1021 1010 1085 1074 eins

54 1108 183 1174 familiam
209 1119 345 1188 uenerat,
374 1131 434 1194 qua
458 1127 492 1174 re
515 1111 712 1172 demodocum
739 1109 798 1174 dici
826 1110 995 1192 oportebat,
1027 1111 1086 1174 nisi

53 1213 176 1293 antiquus
202 1195 290 1275 etiam
315 1213 346 1274 in
365 1213 529 1276 nominibus
552 1212 750 1276 Romanorum
771 1229 833 1274 mos
857 1219 924 1274 tunc
950 1213 1010 1274 iam
1030 1207 1084 1276 ob-

50 1310 155 1375 literari
172 1315 328 1395 coepisset.
360 1315 521 1378 Stemmata
534 1314 714 1378 Liciniorum
735 1314 901 1378 Muciorum
924 1313 1084 1395 &Scipio-

49 1431 105 1475 num
132 1411 291 1480 affinitates
319 1413 456 1480 docentia
479 1409 641 1480 Wetzelius
665 1414 745 1480 dedit
770 1415 801 1478 in
827 1415 889 1480 Cic.
916 1415 981 1480 Cat.
1007 1415 1084 1480 Mai.

48 1514 74 1575 S.
95 1524 122 1578 et
143 1519 193 1579 10.

122 1617 202 1682 ΗΧ.
246 1619 318 1682 214.
360 1628 393 1679 cc
410 1618 576 1698 διιρῑιὶιιιιι]
598 1618 740 1698 Mepcrus
757 1617 1084 1710 AugustumMattbiee

46 1725 167 1796 secutus,
198 1719 249 1800 pai
275 1719 305 1780 in
327 1717 400 1781 diss.
422 1718 459 1782 de
480 1719 664 1782 anacolntbis
686 1718 765 1800 apud
787 1719 958 1784 Ciceronem
978 1737 1008 1799 p.
1033 1721 1082 1782 ll.

44 1818 107 1882 luic
129 1820 265 1902 exemplo
293 1818 493 1884 diueraissima
513 1818 677 1895 contendit,
703 1819 865 1882 orationem
887 1819 1084 1882 anacoluthon

44 1935 104 1984 esse
123 1929 224 2004 putat;
247 1921 342 2012 qnod,
364 1921 419 1986 etri
440 1920 499 1986 dici
517 1921 613 2002 potuit
632 1925 663 1980 ta
679 1920 820 1998 Sulpicio,
842 1923 874 1980 ta
889 1921 1029 1992 Amoris,
1051 1926 1085 1986 ut

40 2021 89 2084 ille
104 2023 182 2100 uult,
204 2041 305 2088 rernm
320 2030 418 2086 tannen
437 2039 497 2086 non
515 2029 568 2086 est.
610 2018 850 2086 Subandicuduun
871 2021 947 2083 enim
962 2021 1084 2084 uerbum

40 2123 178 2186 abdimus:
194 2143 270 2202 ¹opscos
286 2120 450 2205 (oratores)
469 2142 573 2202 porum
590 2123 636 2184 loia
651 2126 804 2182 daemoes
822 2119 931 2182 artibus
950 2121 1082 2194 ememor,

38 2225 405 2304 cisalpiclumclda‘mus‘,
426 2215 665 2286 ιι1ιίιι1ιιιιίιιιιι.ι
1115 2221 1119 2229 “
1166 2291 1168 2298 y

120 2326 195 2390 215.
237 2323 541 2404 pario-sapasim]
558 2323 646 2404 paria
655 2321 817 2404 pleraeque
826 2322 1001 2387 inventionis
1011 2339 1082 2404 por·
1173 2363 1177 2374 ι

35 2431 77 2487 tes
99 2424 257 2508 dispositio
278 2426 433 2500 memoria,
454 2425 611 2506 superiora
627 2443 677 2488 ars
693 2423 901 2490 metendorum
921 2425 1083 2488 animorum

35 2533 63 2586 et
84 2528 167 2590 aetio
183 2527 284 2606 granis
300 2534 329 2589 et
347 2526 386 2590 ad
401 2527 681 2590 commiserationem
697 2526 881 2590 excitandam
898 2533 982 2608 apta,
1004 2527 1084 2608 qnod

33 2641 129 2704 genus
158 2628 302 2691 orationis
323 2625 449 2692 Crassus
476 2629 539 2692 siue
566 2635 674 2692 natura
702 2629 764 2693 siue
792 2629 917 2692 coasilio
939 2647 1083 2712 asperna-

31 2727 122 2791 batur
144 2727 297 2808 dignitatis
317 2729 376 2792 riri
395 2730 427 2790 in
446 2747 482 2792 re
502 2730 623 2810 publica
644 2729 786 2810 principis
807 2729 945 2792 retinens.

117 2829 187 2894 Lx.
229 2831 301 2891 216.
344 2832 407 2903 qais
427 2828 586 2903 loqueram
603 2847 619 2886 o
638 2827 732 2902 lintre]
760 2834 880 2890 notatur
903 2827 1036 2904 frequens
1055 2839 1083 2888 ot

26 2933 178 2992 coamtccc
198 2931 229 2988 ia
248 2933 396 3002 curamque
416 2932 527 3001 partem
547 2929 673 2995 autolio,
695 2942 773 3004 quae
793 2933 859 2988 sunt
879 2927 972 2990 uerba
989 2927 1082 3004 Quin

23 3028 132 3094 tiliani
160 3025 213 3088 x1.
235 3026 271 3100 3,
302 3026 372 3088 129.
402 3023 554 3087 Ciceronis
580 3025 780 3087 uenationem
804 3027 836 3108 in
861 3026 980 3090 brevius
1011 3044 1082 3092 con·

21 3134 160 3194 tractam
188 3125 371 3207 apponentis.
414 3124 476 3191 Sed
504 3143 541 3188 ea
565 3126 678 3188 mutatio
704 3126 821 3188 minime
845 3127 973 3208 speciem
992 3130 1082 3192 remi-

22 3229 134 3312 gantis
156 3228 292 3309 praebet,
314 3235 348 3290 ut
362 3228 487 3307 Meyerc
507 3227 616 3303 uisum,
639 3243 724 3308 punem
746 3227 824 3310 apud
839 3227 991 3294 Heluetios
1012 3245 1081 3292 suos

21 3332 228 3410 remigantem
242 3329 352 3394 uidisse
367 3329 510 3394 neminem
523 3330 588 3395 ueri
603 3328 713 3406 simile,
732 3329 785 3392 sed
800 3330 832 3394 in
846 3328 940 3394 lintre
950 3330 1082 3396 duritame

22 3433 154 3507 stantis,
182 3431 247 3514 qui,
270 3447 334 3494 curn
354 3438 477 3513 propter
496 3431 646 3497 lenitatem
665 3430 801 3508 uaciflet,
830 3432 918 3496 etiarn
937 3433 1082 3498 bominem

19 3538 146 3600 incerto
168 3532 294 3612 uestigio
316 3533 370 3596 niti
391 3533 481 3612 cogit.

120 3635 174 3696 Ca.
198 3635 336 3712 Sidetas]
369 3635 502 3698 tribunus
533 3631 630 3713 plebis
660 3630 718 3694 init
743 3632 866 3698 Octauio
894 3639 924 3696 et
951 3633 1080 3698 Curious
1149 3687 1153 3696 .

20 3735 205 3800 consulibus
232 3754 261 3798 a.
276 3711 355 3800 1678.
397 3735 444 3798 lle
473 3734 628 3798 dicacitate
649 3733 713 3796 eius
743 3734 938 3800 testimouium
963 3737 1082 3817 insigne

18 3839 122 3904 babet
141 3835 317 3902 Plutarchus
340 3835 451 3902 Crasso
474 3853 499 3900 c.
520 3837 567 3910 7.;
589 3834 688 3898 attulit
705 3835 856 3916 Meyerns.
1076 3907 1079 3913 Δ

118 3938 193 3999 217.
233 3937 423 4014 mecummet]
451 3933 641 4017 produxisset
666 3938 882 4002 incentionem
907 3935 1008 4015 ibique
1032 3933 1079 3998 di-

18 4037 118 4102 cendi
149 4043 324 4118 potestatem
355 4036 501 4113 dedissem
533 4038 576 4100 s'ic
606 4045 687 4103 recte
719 4037 889 4120 explicabat
918 4035 1079 4104 Wetzelius

17 4136 191 4206 secundom
217 4138 383 4204 Munatium
410 4138 449 4204 ad
471 4140 522 4204 Cr.
545 4158 574 4222 p.
597 4139 679 4205 Sext.
701 4139 849 4215 oc‚107.
891 4137 925 4200 ln
951 4137 1078 4202 concilio

17 4242 107 4305 enirn
136 4240 265 4302 tribuum
290 4258 349 4304 non
374 4240 485 4304 licebat
509 4239 608 4306 dicere
632 4241 691 4305 nisi
710 4239 835 4308 bibonis
856 4238 1025 4318 solisssed
1049 4245 1080 4306 m
