2678 4776
259 431 353 506 310
578 417 989 492 uxrulonuloltus

262 603 380 664 muana
391 599 511 660 Flaccus
527 610 588 660 coa.
607 615 635 658 a
646 597 710 658 629
724 594 923 660 Gracchorum
937 595 1036 659 socius
1051 613 1117 658 cum
1128 595 1163 662 G.
1178 597 1303 663 Graccho

260 702 377 766 occisus
396 707 440 765 est
456 717 475 760 a
489 699 525 762 ln.
538 697 655 779 Opimio
672 698 784 760 c.633.
801 729 849 752 -.
868 697 899 758 G.
910 701 1029 759 Porcios
1041 699 1113 760 Gutta
1130 716 1193 762 cos.
1211 701 1304 762 abdil
1332 682 1337 789 l

261 803 330 883 lege
341 800 558 866 Mamiliareus
571 805 599 860 et
610 797 703 874 exsul,
721 795 801 878 quod
812 797 983 876 Iugurtham
992 797 1302 864 adiuvisserideretur.
1335 814 1336 822 ¹

346 940 399 995 etot
430 933 538 993 Flacci
560 935 668 1010 scriptu
694 931 772 1009 mot]
802 931 878 993 baec
911 939 1049 993 accurate
1081 949 1146 994 cum
1178 932 1335 1014 proxime'

261 1035 505 1124 praecedentibus
535 1035 696 1096 cohaerere
723 1031 911 1112 cogitandum
934 1041 994 1108 est,
1021 1038 1054 1095 ut
1074 1035 1120 1096 ris
1145 1036 1306 1115 particulae

261 1145 315 1199 etat
335 1137 530 1216 intelligatur.
565 1135 624 1212 Qui
645 1141 712 1196 ante
735 1134 952 1197 commemorati
974 1142 1040 1196 sunt
1061 1143 1201 1196 oratores
1222 1137 1307 1217 pleri·

263 1259 320 1328 que
342 1238 408 1302 sola
427 1237 595 1318 aequalium
613 1236 828 1320 existimatione
849 1233 976 1296 iudicari
990 1243 1130 1316 potuere,
1153 1238 1228 1317 quia
1243 1237 1309 1298 nihil

263 1340 365 1422 scripti
386 1338 584 1418 reliquerant3
607 1337 768 1417 eodemque
788 1335 892 1412 modo,
914 1337 1008 1418 inquit
1031 1335 1153 1412 Gicero,
1176 1337 1308 1400 Flaccum
1336 1341 1337 1344 ’

262 1449 413 1504 oratorem
443 1439 620 1502 mediocrem
653 1435 746 1500 fuisse
779 1437 964 1518 accepimus;
997 1455 1079 1514 nam,
1113 1439 1171 1500 etsi
1205 1439 1308 1520 scriptu

264 1539 409 1623 quaedam
430 1539 567 1621 reliquit,
591 1557 628 1601 ea
644 1539 799 1601 literarum
815 1537 976 1602 studiosum
992 1538 1086 1602 fuisse
1103 1539 1308 1613 demonstrant,
1336 1546 1338 1567 ¹

262 1661 323 1705 non
344 1649 502 1706 oratorem.

346 1763 380 1818 P.
405 1757 518 1836 nectos]
545 1763 668 1840 praetor
695 1775 723 1818 c.
752 1757 830 1832 6403
861 1755 991 1819 dubitari
1016 1774 1075 1818 non
1101 1763 1216 1837 potest,
1247 1757 1310 1838 quin

264 1861 302 1924 sit
322 1859 416 1937 idem,
438 1859 487 1940 qui
505 1857 651 1940 Opimium
673 1859 824 1923 accusarit
839 1857 1012 1920 defendente
1032 1856 1172 1922 Carbone
1195 1859 1310 1921 consule

263 1981 293 2054 a.
317 1962 395 2037 634;
416 1980 444 2025 u.
466 1959 625 2041 Explicatt.
646 1959 678 2020 iu
700 1955 810 2022 de'0r.
831 1959 856 2022 Ι.
878 1961 936 2036 31,
960 1957 1029 2021 135.
1337 1952 1338 1957 ’

349 2081 421 2143 109.
466 2079 496 2138 G.
520 2077 643 2156 Dreros]
670 2077 697 2140 is
719 2075 756 2140 da
781 2077 847 2140 iure
876 2075 958 2142 civiti
976 2077 1110 2160 scripsitz
1138 2077 1208 2143 val.
1230 2079 1312 2143 Mau.
1337 2078 1338 2081 ’

262 2181 338 2248 tut
360 2183 395 2258 7,
416 2181 448 2246 4.

350 2304 397 2358 Μ.
421 2298 544 2374 mnus]
572 2297 706 2360 tribunus
733 2313 763 2358 a.
785 2295 850 2359 628
875 2294 974 2376 legem
995 2295 1032 2360 de
1052 2297 1223 2378 peregrinis
1243 2298 1315 2360 urbe

257 2399 409 2480 ,pellendis
436 2398 518 2473 tulit,
547 2399 595 2460 cui
624 2397 773 2461 Gracchus
800 2395 973 2461 aduersatus
1002 2405 1055 2460 cst.
1102 2397 1181 2460 Nam
1207 2399 1314 2464 falsam

262 2499 364 2564 Beieri
389 2499 585 2578 suspicionem
608 2497 773 2578 apudGic.
795 2495 925 2561 0lt.111.
948 2501 1002 2575 ll,
1023 2499 1075 2561 47.
1118 2504 1232 2572 Fanni,
1266 2500 1314 2581 qni

264 2599 370 2664 consul
390 2599 460 2674 luit,
482 2615 547 2660 cum
564 2597 714 2662 Gracchus
732 2599 869 2674 ,tribunus
886 2605 967 2675 erat,
989 2599 1144 2662 scribentis
1161 2599 1314 2668 Walterus

263 2703 296 2765 io
323 2701 398 2765 lliat.
423 2699 482 2762 lur.
511 2698 596 2762 Rom.
628 2716 658 2781 p.
684 2699 765 2765 *2452
798 2699 939 2763 refutauit
968 2699 1112 2764 Fanniam
1143 2701 1246 2784 legem
1277 2702 1313 2764 ad

263 2803 385 2868 Italicos
407 2808 436 2864 et
455 2800 579 2864 Latinos
599 2800 777 2882 pertinuisse
798 2799 939 2864 docendo.

348 2921 433 2994 focile
460 2923 580 2996 apitooit
603 2951 644 2962 —
672 2917 840 2994 Gracchum]
869 2919 945 2980 mira
973 2918 1010 2984 de
1038 2921 1095 2984 hoo
1122 2919 1194 2985 loco
1220 2921 1315 2986 Boro-

264 3019 359 3102 bardy
388 3020 536 3102 disputat:
570 3019 708 3100 quoniam
734 3017 850 3084 Pennus
881 3020 1044 3084 Gracchum
1073 3023 1221 3088 bominem
1252 3025 1315 3088 clo-

264 3121 483 3204 quentissimum
509 3118 632 3183 dicendo
660 3118 778 3197 agitare
804 3137 863 3182 non
887 3123 1032 3202 potuerit,
1058 3141 1165 3186 nomeu
1189 3127 1317 3192 Gracchi

264 3240 330 3285 cnm
351 3223 539 3304 sequentibus
561 3218 794 3300 coniungcndum
812 3217 986 3299 (Gracchum
1005 3226 1093 3302 paula
1114 3235 1211 3288 naam
1231 3238 1316 3288 anm

258 3321 392 3402 cedens),
429 3323 551 3388 uerbum
582 3321 713 3398 opauco
742 3329 838 3386 autem
872 3325 1005 3404 quamuis
1037 3326 1176 3390 absolute
1207 3329 1317 3392 dictum

264 3423 434 3504 significare
459 3422 631 3486 facultatem
650 3423 744 3488 Penni
772 3423 923 3488 auditores
951 3425 983 3488 in
1011 3427 1173 3508 quamlibet
1199 3441 1316 3512 partem

138 3514 142 3520 ’
263 3525 461 3606 pertrahentis
483 3531 512 3588 et
534 3531 693 3588 commotos
714 3523 801 3586 simul
822 3523 861 3587 ad
879 3543 982 3590 sensus
1004 3529 1139 3592 excelsos
1159 3531 1317 3612 erigentis.

263 3624 326 3690 Nec
354 3627 517 3689 Gracchum
549 3633 736 3706 quaestorem
766 3633 835 3688 tnnc
862 3627 1083 3692 Sardiniensem
1113 3648 1150 3694 eo
1179 3641 1316 3716 temporo

263 3723 324 3787 iam
344 3725 481 3806 attigisse
500 3726 739 3808 rempublicam.
781 3725 862 3791 llibil
890 3730 921 3791 ln
941 3731 987 3792 his
1008 3731 1182 3812 probabile,
1208 3736 1316 3800 nedum

262 3843 372 3892 verum.
415 3829 535 3905 Apttme
560 3827 603 3891 sic
630 3843 650 3890 a
674 3829 789 3892 nemine
816 3828 875 3892 dici
897 3832 1032 3912 potuisse
1056 3851 1115 3896 nou
1136 3853 1317 3900 commemo-

261 3929 347 3993 rabo
397 3927 459 3992 Sed
489 3929 517 3991 si
541 3928 657 3992 Pennus
690 3929 844 3994 artificium
875 3931 1026 3998 auditores
1054 3953 1176 4018 quoquo
1207 3939 1318 4003 liberet

260 4030 451 4112 pertrahendi
483 4028 739 4111 commutandique
768 4032 912 4110 callebat,
945 4043 1048 4098 orator
1079 4038 1219 4118 profecto
1250 4049 1318 4106 erat

259 4131 377 4192 minime
406 4129 604 4211 spernendus:
635 4143 748 4194 texere
777 4134 870 4213 igitur
899 4137 987 4200 etiam
1014 4138 1178 4202 Gracchum
1205 4145 1316 4224 potnit

258 4227 372 4293 Deinde
402 4231 428 4292 si
451 4231 600 4296 Gracchus
626 4228 663 4294 dc
690 4231 759 4312 lego
786 4234 879 4299 Penni
905 4245 935 4302 et
959 4242 1127 4322 peregrinis
1152 4241 1250 4324 dixit,
1285 4255 1316 4310 ut
