2676 4774
436 447 732 520 pululante.
1063 471 1110 520 nr

67 625 197 686 notetur.
229 615 424 698 inscribitur:
437 619 520 716 ¹„dl
543 619 643 688 Tullii
666 617 829 688 Ciceronis
850 616 889 684 da
911 615 1045 688 Oretme
1068 619 1110 688 ad

68 733 103 814 Q.
121 734 261 804 Fratrem
280 739 354 806 libri
372 737 431 818 111,
449 737 562 806 Brutus
580 739 609 804 tir
624 735 740 806 Orator
754 753 811 804 seu
827 735 867 805 de
881 737 1110 824 perfectissime

67 873 179 938 genere
196 855 357 924 dicendi.“
381 854 428 938 ¹ln
444 856 505 924 fine
522 855 668 942 leguntur
684 855 779 922 haec:
803 853 874 934 „id
892 852 931 922 T.
947 854 1110 924 Ciceronis

67 971 98 1036 in
123 969 251 1040 Brutum
279 975 415 1063 explicit.
448 972 556 1041 Liber
583 993 665 1040 anno
692 971 808 1040 Christi
837 969 1110 1055 mccccixix„

67 1087 115 1155 die
134 1109 211 1158 uero
228 1089 300 1157 llll.
317 1094 436 1161 mensis
452 1090 602 1158 Ianuarii.
634 1088 771 1168 Romae,
788 1092 821 1156 in
831 1089 969 1158 'aedibus
984 1089 1112 1178 Magni-

65 1204 113 1274 lici
134 1211 197 1274 uiri
217 1206 303 1278 Petri
325 1209 364 1294 de
386 1208 562 1294 Maximu‘*
605 1205 762 1296 impressa
785 1217 833 1274 est
857 1208 1111 1290 rememorante,

56 1343 135 1407 cum
158 1326 332 1394 initialibus
359 1327 553 1413 singulomm
574 1325 725 1394 librorum
752 1328 925 1394 auratiset
948 1327 1109 1409 coloratis,

57 1451 95 1522 et
115 1445 148 1508 in
170 1447 312 1530 margine
335 1443 459 1514 scholia
478 1444 573 1512 habet
592 1443 764 1522 uberrima,
786 1447 865 1512 satis
887 1444 994 1526 docta,
1016 1467 1109 1516 manu

67 1558 181 1646 Angeli
196 1561 345 1630 Politiani
368 1565 499 1651 scripte,
520 1573 553 1630 ut
569 1560 713 1632 Bandiuo
734 1565 834 1630 visum
856 1573 980 1651 propter
997 1565 1110 1634 simili-

57 1679 200 1756 tudinem
222 1679 383 1748 literarum
405 1681 650 1750 scribendarum.
683 1678 906 1770 Legomersini
920 1681 1020 1750 uerba
1035 1684 1110 1752 aliis

39 1797 226 1898 ‘codicibus
254 1798 293 1866 ab
309 1802 386 1888 *ipsu
410 1799 536 1868 collatis
563 1802 715 1888 inscripta
744 1799 783 1866 ab
806 1798 866 1868 hoc
894 1798 1021 1880 absum,
1052 1795 1109 1872 sed

67 1914 144 1982 inest
162 1926 240 1984 nota
259 1920 394 1996 numeri,
416 1939 476 2006 quo
501 1919 673 1996 indicetur,
696 1917 749 1984 93.
784 1915 914 1984 Constat
933 1918 1020 1986 loliis
1036 1920 1109 1988 177.

143 2032 320 2105 Consilium
336 2034 437 2112 ⁴ludus
459 2055 548 2102 meae
571 2035 718 2102 editionis
741 2033 802 2101 hoc
821 2035 888 2100 iuit.

142 2150 318 2220 Historiam
345 2152 543 2240 eloquentiae
564 2151 726 2219 Romanae
753 2149 847 2216 rebus
875 2150 984 2218 ordine
1004 2153 1112 2222 verbis

66 2267 152 2354 plana
177 2261 335 2338 mutatand
358 2270 462 2337 multis
484 2269 625 2358 partibus
652 2267 871 2358 amplificatam
898 2269 1040 2358 plurimis
1061 2272 1111 2340 lo·
1158 2247 1161 2254 ¹

68 2388 111 2454 eis
132 2399 310 2456 correctam
331 2387 413 2456 libro
432 2386 641 2456 Ciceroniana
662 2390 875 2476 praemittere,
898 2399 930 2455 ut
951 2391 984 2456 in
1005 2393 1111 2478 priore

68 2505 202 2574 editione
234 2507 387 2586 feceram,
419 2517 450 2574 et
480 2509 557 2574 uiris
586 2507 702 2583 doctis,
740 2505 851 2593 quibus
881 2506 940 2573 illa
969 2513 1111 2595 quamuis

67 2624 150 2692 mdis
168 2625 389 2713 indigestaque
409 2625 508 2692 moles
525 2646 589 2694 non
610 2624 835 2712 displicuisset,
857 2624 966 2692 deberi
984 2638 1015 2694 et
1035 2629 1111 2696 milri

69 2739 213 2810 decorum
234 2743 407 2810 uidebatur.
449 2741 530 2810 Nam
552 2763 632 2830 quae
654 2746 770 2810 rectius
791 2742 984 2810 intellexeris
1011 2749 1111 2835 copiis

67 2863 156 2927 novis
180 2863 307 2928 auxeris
336 2861 448 2928 melius
469 2862 595 2946 digesta
615 2860 791 2946 elegantius
816 2865 1040 2948 perscripseris
1061 2886 1113 2932 re-

67 2979 164 3044 tinere
193 2988 224 3044 et
252 2978 357 3057 celare
383 2981 465 3043 ratio
494 2997 558 3042 nou
585 2987 642 3042 est.
684 2975 806 3040 Deinde
826 2977 926 3042 uerba
950 2976 1114 3052 Ciceronis

67 3093 359 3180 sequunturmultis
374 3093 456 3160 locis
473 3095 566 3160 etiam
585 3101 655 3180 post
672 3089 824 3158 Orellium
841 3091 1114 3184 &Bernhardyum

68 3213 184 3280 rectius
215 3211 377 3297 distincta,
405 3231 468 3278 non
496 3211 593 3278 nullis
620 3213 714 3278 etiam
742 3221 859 3278 mutata
878 3222 909 3280 et
931 3217 1113 3300 emendata3

70 3331 180 3416 quibus
202 3329 345 3396 subiecta
366 3341 415 3396 est
435 3329 605 3398 notabilior
625 3331 766 3397 codicum
788 3333 960 3418 scripturae
982 3334 1115 3406 diuersi-

70 3457 116 3514 tas
141 3459 171 3515 et
190 3450 474 3532 coniecturaepcum
491 3449 622 3516 aliorum
639 3457 702 3514 tum
723 3469 812 3515 meae
829 3450 869 3515 ad
885 3452 1114 3538 explanandum

71 3564 180 3633 librum
209 3567 362 3654 prolatae.
408 3567 621 3634 Paucissimas
644 3569 726 3632 enim
747 3566 853 3634 verbis
877 3565 1040 3636 Ciceronis
1065 3573 1114 3636 in-

73 3687 170 3764 serui,
197 3705 257 3751 nec
284 3704 415 3771 usquam
441 3687 520 3751 citra
546 3687 785 3764 necessitatem
812 3683 876 3752 loci
899 3697 951 3754 aut
980 3695 1116 3776 corrupti

74 3811 122 3866 aut
142 3803 180 3869 de
201 3804 382 3869 coniectura
401 3803 556 3868 emendati
580 3802 794 3888 significantur
814 3803 951 3890 praefixo
974 3807 1065 3891 signo
1080 3809 1113 3896 =†.

74 3915 248 3986 Secundum
278 3921 379 3988 libros
414 3931 516 3986 autem
549 3929 579 3986 et
610 3921 750 3987 ordinem
781 3921 956 3986 verborum
972 3922 1115 4006 plurimis

73 4034 150 4104 locis
180 4041 296 4114 mutavi
324 4051 355 4105 et
382 4041 506 4123 correxi
527 4038 680 4123 quaedam
701 4037 896 4104 notabilius:
921 4039 1006 4102 uelut
1027 4039 1061 4118 l,
1082 4042 1113 4108 2.

66 4151 172 4237 ,5,19.
202 4156 255 4234 11,
274 4155 329 4222 43.
355 4157 413 4234 15,
429 4156 481 4223 58.
504 4154 625 4233 time.
647 4157 703 4234 20,
720 4156 770 4221 79.
792 4156 849 4232 26,
867 4154 940 4220 101.
961 4155 1112 4234 33,125.

65 4267 130 4354 M,
152 4274 225 4342 162.
257 4271 315 4355 te,
338 4273 410 4340 leo
460 4272 586 4341 Ernesti
617 4276 771 4360 scriptura
801 4295 823 4342 a
852 4293 924 4340 mea
956 4273 1114 4354 dissidens
