2640 4780
238 429 320 528 tan
630 422 892 492 cronacum

238 594 395 664 temnendi
427 593 552 682 quidem
581 614 642 662 nee
674 597 835 662 celeritate
866 611 926 660 nec
954 594 1061 681 copia,
1093 592 1152 660 sed
1178 613 1282 680 parum

238 717 342 804 pressi
363 723 393 780 et
411 715 505 780 nimis
521 713 747 780 redundantes:
766 711 882 778 Rhodii
901 714 1046 779 saniores
1064 721 1095 778 et
1112 711 1281 780 Atticorum

239 832 418 899 similiores.
462 832 514 898 52.
544 831 610 898 Sed
637 832 676 899 de
701 830 832 898 Graecis
853 829 1020 897 hactenus:
1050 841 1081 896 et
1102 833 1187 897 enim
1208 831 1281 896 baec

238 953 308 1039 ipsa
338 952 471 1018 forsitan
499 950 613 1016 fuerint
633 970 697 1017 non
721 951 917 1016 necessaria.
961 948 1042 1014 Tum
1063 947 1195 1026 Brutus,
1223 947 1282 1016 Ista

236 1089 330 1148 veru,
352 1071 466 1157 inquit,
489 1089 581 1156 mam
603 1069 787 1135 necessaria
804 1067 920 1134 inerint
940 1088 1003 1134 non
1023 1067 1120 1134 facile
1139 1067 1280 1134 dixerim:

237 1189 374 1256 iucunda
395 1197 479 1255 certe
500 1187 576 1254 mibi
596 1187 735 1265 fuerumt,
757 1207 858 1274 neque
881 1185 983 1253 solum
1003 1199 1067 1254 nou
1087 1185 1204 1270 longa,
1231 1184 1282 1250 sed

239 1309 334 1373 etiam
355 1306 517 1383 breviora,
541 1325 634 1392 quam
655 1303 779 1372 vellem.
821 1302 967 1392 Optume,
989 1306 1132 1390 inquam:
1154 1303 1212 1370 sed
1232 1323 1282 1370 ve-

238 1428 360 1490 niamus
382 1423 423 1490 ad
439 1432 580 1502 nostroe,
602 1423 640 1490 de
658 1422 770 1509 quibus
788 1423 915 1490 difficile
935 1433 983 1489 est
998 1423 1068 1508 plus
1090 1422 1282 1506 intellegere,

239 1562 331 1629 quam
353 1551 499 1628 quantum
523 1561 562 1607 ex
581 1543 784 1608 monumentis
809 1543 962 1630 suspicari
982 1542 1071 1608 licet.

322 1654 406 1725 XIV.
439 1659 491 1725 53.
525 1658 604 1738 Quis
637 1662 720 1726 enim
751 1669 836 1750 putet
866 1671 919 1728 aut
949 1660 1140 1728 celeritatem
1177 1657 1282 1742 ingeni

238 1777 276 1844 L.
307 1775 403 1845 Bruto
436 1775 485 1844 illi
514 1777 688 1844 nobilitatis
719 1789 844 1844 vestrae
870 1781 1003 1868 principi
1033 1778 1201 1844 doluisset
1233 1777 1282 1861 qui

239 1899 278 1965 de
308 1905 406 1963 matre
437 1897 595 1964 savianda
623 1917 663 1974 ex
691 1897 821 1965 oraculo
842 1897 1002 1986 Apollinis
1029 1907 1092 1963 tam
1122 1906 1212 1964 acute
1233 1914 1281 1960 ar-

238 2025 371 2103 guteque
401 2016 587 2095 coniecerit3
616 2017 669 2102 qui
698 2035 849 2082 summam
869 2017 1064 2104 prudentiam
1086 2015 1279 2083 simulatione

238 2135 386 2202 stultitiae
408 2137 532 2214 texerit3
554 2137 606 2221 qui
628 2136 885 2221 potentissumum
905 2153 1014 2220 regem
1035 2135 1215 2202 clarissumi
1235 2151 1280 2198 re-

237 2257 288 2339 gis
318 2253 415 2318 tilium
445 2253 597 2339 expulerit
619 2254 836 2340 civitatemque
858 2264 1005 2342 perpetuo
1028 2254 1190 2320 dominatu
1205 2251 1280 2318 bbe-

237 2381 339 2438 ratam
359 2369 595 2452 magistratibus
618 2374 729 2438 annus
746 2373 872 2458 legibus
893 2373 1079 2458 iudiciisque
1099 2371 1282 2446 devinxerit3

238 2491 292 2576 qui
312 2487 458 2572 collegae
487 2507 544 2554 suo
566 2491 727 2578 imperium
746 2490 964 2577 abrogaverit,
994 2501 1027 2558 ut
1045 2512 1063 2558 e
1086 2494 1213 2559 civitate
1233 2509 1280 2556 re-

237 2712 334 2786 putem
355 2705 398 2762 ed.
421 2721 481 2775 pn,
508 2706 558 2760 sed
585 2708 674 2763 nrrllus
698 2709 776 2765 liber.
821 2708 1043 2768 salubritatem
1068 2716 1097 2763 et
1124 2713 1282 2767 sumtuum

238 2793 382 2868 coniuncta
406 2791 480 2844 multi
505 2809 522 2844 a
540 2792 720 2848 Ciceroniana
743 2795 897 2850 elocutione
922 2796 1013 2850 aliena
1033 2803 1179 2865 putarunt3
1205 2814 1280 2866 quam

237 2878 274 2933 ob
292 2893 349 2932 rem
362 2875 511 2930 Lambinus
527 2875 738 2932 salubritatem
757 2887 785 2934 et
802 2881 920 2947 delevit,
937 2877 1069 2934 Ernestus
1087 2879 1280 2936 subtilitatem

235 2963 379 3035 subrogari
395 2962 498 3028 voluit,
519 2959 640 3018 Orellius
657 2981 745 3034 nuper
761 2983 812 3036 pro
831 2969 962 3020 sanitate
979 2969 1151 3024 siceitatem
1164 2968 1281 3039 scripsit;

235 3047 396 3102 Lambinum
422 3055 571 3117 sequuntur
595 3049 772 3104 Ruhnkenius
789 3050 823 3106 H.
843 3051 887 3106 Cr.
907 3049 957 3106 Or.
977 3051 1024 3106 Gr.
1044 3071 1071 3122 p.
1089 3051 1231 3108 XXXVll.
1256 3060 1280 3106 et

235 3131 379 3204 Meyerus,
415 3133 491 3186 Sana
507 3139 571 3186 sunt
589 3135 687 3190 omnia.
705 3163 740 3177 -
768 3135 851 3206 locat
867 3136 1042 3205 dedisceret]
1064 3136 1199 3210 linquam
1217 3137 1279 3194 ded.

236 3217 317 3282 Seb,
342 3215 411 3270 illud
429 3215 627 3274 obmutescere
644 3217 802 3291 significare
819 3230 912 3286 ratus,
936 3223 987 3276 etsi
1003 3223 1038 3276 de
1055 3230 1133 3277 recto
1153 3223 1279 3294 loquendi

236 3317 286 3358 usu
307 3301 474 3356 dediscendo
493 3303 546 3356 dici
563 3321 646 3372 posse
666 3305 736 3360 ratio
756 3307 843 3372 iubet;
869 3307 947 3362 velut
970 3307 1014 3376 qul
1031 3307 1152 3378 linguam
1169 3309 1279 3364 dediscit

163 3428 167 3440 .
234 3400 292 3441 nou
316 3386 438 3456 protinus
456 3389 575 3442 omnium
592 3391 789 3446 vocabulorum
812 3392 920 3463 linguae
938 3392 1121 3457 obliviscitur,
1146 3393 1197 3448 sed
1215 3392 1278 3446 recti

235 3488 308 3526 usus.
326 3501 361 3512 -
383 3481 445 3526 nott
462 3475 670 3530 contemmendi
685 3477 819 3547 quidem]
838 3478 888 3532 tlte
905 3495 933 3549 q.
951 3476 1062 3544 bamba
1080 3477 1132 3532 sed
1149 3478 1177 3532 id
1196 3478 1277 3532 nullus

135 3557 137 3568 ¹
231 3556 302 3611 liber
318 3555 409 3611 babet.

303 3641 345 3696 52.
383 3648 412 3694 et
434 3644 525 3711 eatae]
550 3649 643 3702 ettam
666 3644 752 3704 erut.
776 3663 872 3704 errore
895 3645 1069 3719 typographi.
1085 3673 1122 3688 ·-
1148 3646 1276 3718 forsitan

232 3723 362 3795 fuerint]
379 3724 486 3792 forsan
501 3727 552 3798 Lg.
569 3729 611 3784 35.
641 3731 750 3802 forsas
766 3749 806 3786 aa
822 3733 892 3788 Ven.
907 3733 932 3788 1.
960 3732 1087 3802 famant
1101 3731 1153 3803 bg.
1172 3741 1276 3803 praeter

233 3808 259 3864 8.
278 3808 320 3861 20.
338 3808 379 3861 35.
395 3809 454 3875 51„
473 3809 501 3864 bi
519 3819 609 3868 auteur
626 3819 844 3885 coniunctium,
862 3820 907 3888 qui
925 3819 1000 3872 solus
1017 3817 1213 3874 Gicerouianus
1230 3823 1273 3878 est,

233 3900 344 3947 tuentur
361 3910 414 3946 una
432 3911 490 3949 eum
508 3897 577 3952 Ven.
594 3899 617 3952 l.
643 3897 700 3954 Ott.
720 3902 763 3956 ed.
779 3921 821 3972 pr.
857 3902 958 3956 Iniuria
976 3903 1058 3974 igitur
1073 3901 1148 3958 benc
1165 3900 1275 3956 Victorii

233 3980 418 4034 coniecturam
442 3981 556 4051 putabat
577 3984 699 4040 Handius
719 3987 833 4044 Turseli.
857 3989 914 4043 vol.
933 3987 954 4042 l.
981 4005 1008 4058 p.
1027 3987 1085 4042 716.
1104 4015 1138 4027 -
1166 3999 1274 4045 necesse

231 4063 365 4134 1119111111]
384 4064 498 4134 finam
516 4065 566 4138 [tg-
584 4068 634 4142 35..
645 4070 687 4126 39.
707 4071 749 4128 58.
775 4072 829 4128 (lu.
849 4073 886 4138 l.;
913 4081 988 4128 errat
1006 4073 1041 4126 de
1061 4072 1116 4126 boc
1133 4071 1227 4128 Peter.
1244 4097 1274 4109 —

233 4149 420 4218 sedetiam]
449 4156 543 4208 ettam
569 4171 623 4211 om.
645 4157 690 4212 ed.
715 4169 756 4230 pr.
780 4187 816 4200 -·
847 4157 1027 4232 intelleyere]
1053 4157 1094 4214 sic
1115 4157 1167 4230 Lg.
1190 4156 1217 4212 8.
1237 4155 1275 4210 51.

233 4229 329 4290 ottob.
354 4234 426 4290 Ven.
442 4235 466 4292 1.
