2660 4776
215 427 374 496 ,BREVlS
397 427 693 512 ELOQUENTIAE
716 431 820 501 ROM.
842 433 950 503 lllST.
1037 441 1111 510 ΙΙΙ

74 603 141 679 egit,
163 619 222 661 una
241 609 312 663 uota
333 609 378 663 eat
391 601 526 676 Aufidiae
546 606 646 667 nmeio
666 609 763 681 cuius,
786 627 873 689 mam
895 617 946 672 aut
961 611 1111 674 accusarit

73 709 118 762 aut
137 699 276 762 defendit:
304 701 379 766 adeo
402 703 478 764 enim
503 705 534 766 in
555 705 674 768 diuersa
695 709 803 770 abeunt
830 711 1005 791 scriptorum
1025 713 1109 775 teati-

73 803 175 875 nouia‚
203 809 236 862 ut
262 801 301 864 ed
321 803 464 883 liquidum
489 823 537 866 rea
558 805 681 886 perduci
701 827 791 890 posse
815 827 874 874 nou
894 809 1057 889 uideatur(
1083 813 1107 890 ).

71 903 136 962 Nam
159 903 305 965 Murenae
333 906 564 981 accusationem,
592 908 671 988 quod
698 911 791 973 nisum
813 911 1048 987 Westermanuo,
1077 914 1108 974 in

71 1005 137 1065 lunc
160 1021 310 1084 numerum
336 1006 451 1068 referre
477 1023 535 1068 non
563 1007 650 1082 lieet,
682 1011 753 1090 quia
780 1029 838 1073 non
866 1019 981 1074 constat
1005 1013 1108 1094 ipsene

70 1105 207 1184 Sulpicius
239 1113 324 1167 actor
355 1106 513 1186 prodierit3
547 1109 685 1190 quioquid
718 1109 793 1172 enim
821 1111 925 1175 Cicero
956 1113 1108 1176 criminum

70 1204 168 1266 refutat
189 1206 288 1267 uilio
307 1205 434 1288 Sulpicii
455 1207 644 1272 adolescente
664 1211 794 1291 proferri
810 1215 917 1293 potnit,
941 1231 1026 1294 quem
1048 1231 1106 1276 non

69 1307 152 1383 tangit
172 1306 241 1381 illa,
271 1308 341 1387 qnia
363 1315 466 1370 contra
490 1317 638 1374 auctorem
661 1313 857 1375 accusationis
880 1315 996 1396 dicere,
1018 1333 1106 1396 quan

70 1405 260 1469 administrum
280 1415 382 1488 petere
404 1409 514 1472 maluit.

139 1509 225 1572 Addo
243 1508 406 1590 Sulpicium
425 1527 489 1572 cum
507 1511 575 1572 aliis
594 1512 671 1575 iuter
688 1513 818 1578 lascivos
834 1523 939 1598 peltas
956 1516 1104 1580 recenmri

68 1625 84 1667 a
101 1608 192 1672 Plinio
210 1605 282 1689 (⁷⁰);
304 1613 463 1674 carminum
483 1612 557 1676 nihil
578 1613 725 1695 reliquum
746 1624 800 1680 eat.

528 1782 556 1868 a.
579 1783 631 1845 aa

497 1893 527 1950 C.
547 1894 658 1950 Caesar.

139 2018 167 2076 c.
192 2016 287 2074 Iulias
314 2015 437 2085 Gaesao,
472 2016 523 2094 qui
551 2016 677 2078 dictator
704 2019 775 2093 luit,
803 2020 924 2098 iugenio
954 2019 1102 2080 excellens

64 2114 156 2176 studiis
185 2115 315 2194 diligens
345 2123 496 2195 promptus
531 2116 654 2180 dicendo
685 2118 834 2198 loquendo
867 2118 1102 2196 elegantissimus

63 2217 179 2278 omnium
205 2216 375 2296 aequalium
399 2217 524 2279 maxime
551 2219 695 2282 uerendus
719 2219 870 2282 Ciceronis
897 2217 1028 2280 aemulus
1055 2219 1102 2280 iu-

64 2322 135 2378 turus
148 2323 234 2390 erat,
256 2318 314 2378 nisi
330 2317 448 2396 gloriae
471 2325 499 2380 et
519 2320 635 2401 imperii
653 2320 828 2402 assequendi
850 2319 995 2401 cupiditas
1013 2320 1102 2382 rebus

62 2415 132 2479 hello
171 2417 311 2498 gerendis
344 2427 517 2501 occupatum
556 2423 594 2482 ab
628 2440 722 2503 opera
753 2423 867 2485 forensi
897 2421 1100 2483 abstraxisset.

56 2517 172 2580 Summa
197 2520 261 2579 eius
284 2527 349 2580 erat
369 2521 400 2581 iu
421 2521 586 2602 eloquendo
608 2541 695 2598 cura3
724 2541 811 2603 quam
832 2531 864 2584 ut
886 2523 984 2586 multia
1005 2522 1101 2584 literis
1145 2597 1159 2624 υ

57 2617 225 2692 illustravit,
247 2620 290 2680 ita
308 2620 394 2682 libris
416 2626 689 2686 commentariorum
710 2631 845 2686 testatam
866 2624 996 2704 reliquit.
1040 2621 1101 2686 Sed

61 2719 82 2778 si
109 2723 285 2801 scriptorum
313 2729 443 2784 ueterum
472 2726 638 2786 testimonia
668 2724 900 2800 consideramus,
933 2725 1023 2786 facile
1053 2724 1100 2784 in-

61 2819 214 2898 telligimus
254 2828 335 2883 recte
368 2825 555 2904 perspexisse
594 2843 659 2886 eum
693 2826 858 2886 orationum
890 2824 981 2886 aliam
1012 2838 1100 2902 mam

118 3049 166 3114 69)
193 3043 330 3099 Aufidiam
348 3051 554 3102 accusaveritne
579 3069 614 3104 an
632 3049 802 3117 defenderit,
827 3067 883 3104 uon
901 3059 1021 3116 coustot;
1047 3049 1100 3103 lroc

61 3132 144 3187 dieunt
163 3129 381 3198 annasilim,
400 3131 457 3187 106.
478 3131 524 3186 ΙΧ.
540 3134 624 3200 lm.
649 3134 745 3190 Festus
763 3153 789 3190 v.
807 3151 948 3208 manceps
954 3155 966 3199 ,·
984 3143 1013 3189 et
1027 3135 1100 3188 idenn

61 3216 97 3272 ille
113 3217 163 3272 vl.
184 3215 211 3280 Ι,
230 3214 265 3268 20
288 3215 403 3270 alterum
427 3224 542 3272 testatur
565 3235 617 3272 nee
634 3220 779 3286 memoria,
805 3229 835 3274 ut
856 3219 929 3275 solet
948 3219 1029 3284 allas,
1053 3219 1101 3274 da·

62 3312 146 3372 ceptus
166 3308 229 3373 ests,
243 3317 314 3372 quae
332 3302 403 3356 enim
421 3303 539 3373 exempli
557 3321 640 3358 causa
657 3303 736 3360 affert
754 3304 852 3360 actoris
870 3321 1025 3376 personae,
1043 3321 1099 3358 non

61 3389 161 3454 patroni
177 3386 350 3442 conveniunt.
375 3387 420 3442 Da
432 3388 593 3442 coniecturis
603 3388 663 3442 VV.
674 3389 736 3443 DD.
750 3408 776 3444 v.
787 3389 989 3444 Westermann.
1001 3407 1028 3460 p.
1038 3387 1099 3442 nlo,

62 3469 217 3526 Messallam
235 3471 346 3525 alterius
361 3473 447 3542 pontis
461 3481 605 3542 patronum
617 3473 699 3528 luisse
713 3476 821 3528 constat
833 3492 868 3528 ex
884 3473 1053 3532 Quintiliano
1063 3473 1098 3526 X.

62 3554 86 3622 l,
96 3557 136 3610 22.
164 3555 227 3610 Hoc
243 3556 306 3610 loco
322 3573 377 3610 non
389 3557 540 3628 relinquam
553 3557 690 3612 Velleium
703 3557 734 3610 ll,
748 3557 808 3623 dd,
827 3558 854 3611 in
866 3575 920 3628 qno
935 3557 1098 3627 explicando

61 3641 254 3713 corrigendove
278 3658 338 3696 cum
365 3642 412 3696 alii
438 3650 563 3696 errarunt
586 3652 641 3696 tum
666 3641 851 3697 Ruhnkenius.
895 3641 1003 3713 Lipsius
1027 3643 1098 3697 enim

61 3735 127 3780 recte
144 3727 280 3780 intellexit
297 3727 353 3780 illie
369 3744 424 3781 uon
443 3727 475 3782 L.
494 3728 635 3792 Crassum,
658 3727 708 3781 sed
725 3725 767 3780 Μ.
786 3728 914 3783 Crassum
930 3727 1098 3782 triumvirum

60 3809 215 3881 significari,
241 3828 293 3864 nee
318 3811 349 3864 P.
367 3812 533 3883 Sulpicium,
561 3811 606 3881 qui
629 3812 683 3866 alio
708 3813 772 3867 loeo
798 3831 859 3868 eum
885 3814 1045 3884 aequalibus
1070 3820 1099 3865 et

62 3896 198 3952 maioribus
216 3895 249 3950 L.
268 3896 369 3950 Crasso
387 3906 415 3951 et
431 3897 473 3950 Μ.
491 3895 612 3950 Antonio
630 3899 697 3952 satis
715 3899 841 3954 laudatus
855 3901 894 3954 sit
911 3898 958 3968 (ll.
976 3898 1028 3964 9.),
1048 3895 1098 3950 aed

60 3977 124 4034 hunc
137 3983 198 4038 Ser.
212 3982 363 4050 Sulpicium
380 3982 446 4036 iuria
462 3980 621 4037 consultum.
648 3981 699 4035 llla
713 3983 799 4038 verba
812 3999 940 4053 saneque
952 3979 995 4034 Μ.
1012 3980 1098 4034 Oroa-

61 4080 121 4118 anm
142 4067 196 4120 hoc
218 4067 306 4136 ipsum
328 4065 482 4137 significant
505 4083 541 4119 ne
557 4065 629 4120 huuc
641 4069 774 4136 quidem,
802 4067 877 4137 quod
895 4067 941 4119 vix
961 4063 1097 4128 crederes,

61 4149 170 4204 alaude
185 4153 306 4206 oratoria
323 4152 439 4208 alienum
456 4152 553 4216 luisse3
571 4151 606 4206 de
624 4169 678 4222 qua
689 4169 720 4208 re
737 4146 1099 4215 succlamandum.

62 4231 101 4302 to>
118 4235 188 4294 Plio.
206 4236 279 4308 app.
297 4237 382 4305 V.=-3‚
398 4238 425 4292 5.
453 4235 487 4294 cs.
507 4233 590 4292 ovid.
610 4236 691 4294 Trist.
710 4235 744 4292 ll.
764 4235 822 4293 ill.
