2674 4782
244 405 348 480 2⁰8
640 398 899 470 CICERONIS

245 573 422 642 dialecticis
444 571 546 639 omnis
570 591 647 638 cura
668 573 872 650 consumitur,
898 589 1014 656 vagum
1035 569 1115 638 illud
1139 572 1281 640 orationis

246 703 277 760 et
297 694 401 760 fusum
422 699 452 759 et
474 689 634 778 multiplex
654 710 718 757 uon
732 689 905 756 -adhibetur
925 707 1035 776 genus.
1080 687 1168 757 Tuus
1191 701 1282 757 autem

246 809 432 889 avunculus,
465 827 556 894 quem
588 807 780 875 admodum
809 810 889 886 scis,
922 805 1018 874 habet
1047 827 1071 873 a
1098 805 1217 875 Stoicis
1246 808 1281 886 id,

245 929 328 1016 quod
351 925 476 994 abillis
498 926 664 1014 petendum
685 926 757 992 luit:
788 922 845 992 sed
867 926 972 993 dicere
994 925 1104 992 didicit
1126 927 1281 994 edicendi
1326 969 1327 1032 ,

244 1048 406 1132 magistris
434 1064 602 1131 eorumque
630 1063 716 1110 more
746 1063 782 1110 se
811 1047 961 1112 exercuit.
1005 1043 1097 1123 Quod
1129 1047 1158 1111 si
1188 1047 1282 1112 omnia

246 1163 487 1253 aphilosophis
519 1171 626 1228 esseut
657 1162 807 1250 petenda,
839 1161 1115 1250 Peripateticorum
1145 1165 1282 1229 institutis

245 1283 438 1352 commodius
475 1280 644 1365 tingeretur
675 1282 787 1356 oratio.
820 1279 916 1346 120.
954 1275 1024 1359 Qiro
1060 1282 1164 1365 magis
1198 1291 1282 1358 tuum,

244 1401 357 1480 Brute,
381 1399 529 1465 iudicium
547 1397 661 1486 probo,
684 1400 736 1485 qui
758 1417 865 1466 eorum
888 1397 931 1478 [id
953 1407 1002 1466 est
1023 1417 1061 1464 ex
1081 1408 1188 1466 vetere
1205 1400 1283 1466 hoa·
1326 1415 1328 1466 1

246 1507 360 1597 demta]
384 1516 637 1606 philosophorum
659 1527 778 1584 sectam
799 1526 923 1584 secutus
944 1534 996 1596 es,
1029 1535 1157 1604 quorum
1178 1521 1211 1583 iu
1233 1517 1281 1584 do

245 1639 346 1704 ctrina
371 1645 463 1722 atque
492 1637 667 1723 praeceptis
688 1635 865 1702 disserendi
892 1637 974 1702 ratio
999 1637 1195 1720 coniungitur
1220 1653 1282 1702 cun
1326 1695 1327 1702 ,

246 1756 399 1822 suauitate
423 1753 547 1820 dicendi
572 1764 602 1820 et
623 1755 731 1841 copia:
756 1773 932 1841 quanquam
954 1773 995 1820 ea
1016 1755 1087 1840 ipsa
1108 1751 1283 1841 Peripateti·
1324 1794 1327 1810 .,

245 1893 351 1942 corum
376 1871 698 1956 Academicorumque
729 1871 920 1939 consuetudo
952 1871 1137 1938 iuratione
1167 1871 1281 1938 dicendi
1325 1875 1328 1966 p

243 1991 318 2058 talis
341 1999 404 2069 est,
432 2000 463 2056 ut
491 2009 551 2056 neo
572 1989 721 2077 perficere
744 1999 899 2056 oratorem
926 1991 1026 2076 possit
1049 1991 1197 2078 ipseper
1217 2009 1280 2056 seso
1326 1985 1328 2058 ὲ

243 2129 303 2178 nec
332 2110 401 2176 sine
430 2128 471 2175 ea
499 2118 606 2175 orator
634 2127 707 2174 esse
736 2108 903 2196 perlectus.
946 2105 1026 2173 Nam
1053 2117 1086 2174 ut
1115 2105 1282 2175 Stoicorum
1326 2125 1328 2170 t

245 2230 404 2296 astrictior
425 2236 473 2292 est
492 2228 593 2294 oratio
612 2225 833 2314 aliquantoque
856 2226 1060 2306 contractior,
1082 2245 1177 2313 quam
1198 2245 1281 2293 aures

244 2346 351 2436 populi
377 2346 555 2434 &quiruntz
595 2346 642 2411 sic
671 2343 796 2411 illorum
827 2343 960 2412 liberior
993 2354 1024 2412 et
1054 2343 1166 2424 latior,
1200 2363 1283 2432 quam

242 2466 358 2553 patitur
385 2462 575 2530 cousuetudo
605 2463 791 2529 iudiciorum
820 2471 851 2528 et
877 2462 948 2530 lori.
998 2461 1069 2529 121.
1097 2439 1181 2543 ,Quis
1209 2465 1283 2529 enin

243 2582 372 2648 uberior
393 2583 426 2646 iu
447 2581 580 2648 dicendo
601 2579 756 2647 Platonet
798 2577 906 2647 lovem
928 2582 975 2648 sic
998 2583 1084 2647 aiunt
1103 2580 1282 2669 philosophi,

127 2733 129 2738 ·
244 2701 273 2766 si
306 2698 428 2767 Graece
458 2699 620 2786 loquatur,
650 2699 748 2784 loqui.
802 2696 880 2777 Quis
913 2698 1084 2766 Aristotele
1117 2703 1282 2777 nemesim,

245 2815 462 2907 Theophrasto
500 2817 662 2884 dulciort·
699 2813 909 2884 Lectitavisse
942 2815 1106 2886 Platonem
1141 2819 1282 2894 studiose,

308 3036 352 3080 121.
381 3037 456 3080 lovem
469 3039 503 3080 stc
517 3037 582 3080 olunt
596 3056 622 3068 —
634 3035 711 3091 toqui]
726 3036 803 3079 lovem
816 3036 879 3079 aiunt
891 3059 918 3070 -
930 3038 965 3080 stc
978 3037 1047 3092 loqur.

312 3206 370 3264 120.
407 3205 441 3261 td
458 3212 504 3260 est
523 3221 561 3260 eo·
582 3211 679 3260 cetere
695 3205 872 3276 Academia]
895 3207 984 3263 verba
1005 3205 1140 3262 Lambino
1162 3205 1284 3264 Ernesto·

243 3307 298 3362 que
315 3299 458 3360 suspecta,
477 3307 495 3342 a
513 3289 660 3345 Schuetnio
678 3291 770 3346 deleta
783 3291 954 3350 Goerennius
971 3291 1006 3346 ad
1023 3292 1081 3346 Fin.
1095 3292 1130 3348 V.
1146 3292 1172 3349 3.
1191 3309 1218 3363 p.
1230 3293 1282 3346 357.

243 3371 365 3433 defendit
383 3375 485 3431 veteris
503 3383 530 3428 et
544 3391 635 3430 novae
646 3377 813 3431 ,Academiae
827 3378 999 3444 discrimine,
1017 3377 1152 3448 Meyerus
1166 3377 1283 3440 retinuit;

240 3459 408 3533 Bernhardy
422 3469 510 3514 autem
525 3459 635 3515 damnat
648 3461 746 3528 locum,
766 3479 844 3530 quem
857 3471 978 3529 teneant,
996 3463 1172 3516 additamenti
1185 3463 1282 3533 signum

240 3563 302 3601 esse
325 3549 383 3602 iure
401 3545 550 3603 affirmans.
588 3547 717 3613 Accedit,
743 3547 816 3618 quod
839 3545 997 3618 philosophi
1019 3547 1074 3614 illi,
1103 3564 1171 3616 quos
1188 3545 1282 3602 Brutus

241 3633 422 3700 sequebatur,
446 3635 536 3686 statim
559 3634 747 3697 nominantor3
772 3632 845 3700 quod
869 3631 1008 3703 vituperat
1032 3633 1113 3686 etiam
1130 3631 1282 3702 Madvigius

240 3713 269 3768 iu
283 3715 339 3769 Cic.
353 3715 413 3771 Fiu.
432 3734 459 3786 p.
474 3717 578 3772 lta—
595 3717 763 3784 astrictior]
781 3717 820 3770 sic
838 3716 917 3782 codd.
937 3735 1087 3773 omnes.—
1104 3715 1209 3786 latior]
1226 3731 1282 3770 eon·

241 3797 364 3853 iecernut
382 3800 482 3856 lactor
498 3819 519 3856 s.
535 3803 651 3858 laetior.
688 3802 747 3856 Sed
764 3818 791 3856 v.
806 3800 893 3872 Expl'
908 3801 936 3855 in
951 3803 1006 3858 (lic.
1024 3803 1059 3857 de
1073 3799 1122 3858 Or.
1138 3799 1160 3855 l.
1174 3801 1218 3867 47,
1230 3798 1282 3854 hild.

312 3883 370 3940 lul,
408 3883 508 3942 Iouem
525 3893 570 3946 sic
589 3893 678 3944 aiunt
692 3916 728 3928 -
746 3885 838 3956 loque]
863 3886 961 3940 locem
978 3891 1022 3944 sic
1039 3893 1073 3942 ut
1089 3891 1177 3942 aiunt
1189 3885 1282 3960 philo·

240 3969 330 4043 sophi
346 3972 394 4024 tac.
413 3972 456 4028 ed.
476 3991 517 4044 pr.
544 3983 572 4028 et
589 3973 684 4038 codd.;
710 3976 755 4027 stc
772 3980 807 4026 at
829 3983 986 4044 corruptum
1010 3982 1051 4028 est
1074 3990 1110 4027 ex
1129 3975 1175 4026 sta
1196 3974 1282 4026 eluat.

239 4054 432 4110 Anacoluthou
453 4057 507 4112 hoc
530 4058 672 4112 ferendum
695 4075 756 4113 esse
778 4067 891 4113 censent
907 4057 1008 4113 Metth.
1027 4057 1062 4111 de
1080 4058 1196 4113 Auacoll
1214 4074 1240 4126 p.
1257 4051 1280 4107 9·

241 4147 268 4193 et
280 4137 413 4210 Meyerus
431 4157 592 4213 comparans
605 4143 676 4214 Rep.
689 4141 709 4198 l.
723 4142 765 4199 37.
795 4143 880 4202 Quod
900 4144 1103 4198 concinniorem
1123 4142 1189 4196 dicit
1201 4139 1282 4196 Beru-

238 4222 327 4294 hardy
350 4225 475 4281 ordinem
499 4227 647 4284 verborum
671 4246 688 4282 a
711 4227 794 4286 Rlvlo
819 4230 1051 4288 commendatum:
1078 4225 1180 4284 locem
1203 4226 1282 4284 munt

1325 2237 1328 2382 l
