2640 4780
364 405 560 478 osores
588 409 678 478 oar.
701 411 752 480 aa.
990 415 1082 492 aaa
1177 399 1184 421 „

52 574 155 642 loabat
178 573 267 642 illum
294 595 358 644 non
386 579 419 642 in
441 577 702 678 agendoxsolum,
734 579 792 648 sed
812 553 908 648 attan}
928 581 961 648 in
982 583 1083 650 medi·

48 695 130 762 tando
151 693 364 786 vebementam
389 706 481 784 atque
510 698 671 764 incensum
693 699 803 766 luisse.
854 697 937 780 Quid
962 699 1080 770 multat

49 831 151 897 magua
166 815 398 902 exspectatione
416 814 567 902 plurumis
584 815 782 886 audientibus
793 837 900 886 coram
915 819 985 906 ipso
995 815 1081 886 Lae-

48 929 84 996 lio
108 933 151 998 sio
177 930 266 998 illam
287 951 416 999 oausam
441 937 586 1001 tentavi
610 944 757 1022 tantaque
780 937 935 1022 gravitate
958 935 1077 1004 dixisse

49 1045 184 1137 Galbam,
211 1059 245 1115 ut
269 1048 358 1116 nulla
378 1050 444 1116 lere
468 1071 543 1139 pars
565 1053 718 1119 orationis
740 1052 866 1120 silentio
888 1055 1077 1141 praeterire-

46 1175 93 1232 tur.
132 1167 236 1254 itaque
258 1166 361 1234 multis
383 1168 520 1254 querelis
541 1168 698 1256 multaque
716 1171 918 1238 miseratione
937 1169 1078 1238 adbibita

45 1286 135 1351 socios
156 1283 300 1352 omnibus
318 1285 561 1374 approbantibus
576 1287 635 1355 illa
653 1287 704 1356 die
723 1290 906 1376 quaestione
923 1288 1077 1360 liberatos

44 1421 112 1468 esse.

112 1518 231 1588 XXlll.
258 1519 311 1589 89.
339 1519 386 1589 Ex
413 1521 474 1592 bau
495 1521 593 1592 Rutili
613 1526 794 1594 narratione
816 1526 971 1616 suspicari
992 1525 1076 1606 licet,

44 1657 101 1704 cun
121 1639 203 1706 duae
233 1659 371 1708 summae
394 1643 456 1709 sint
482 1644 515 1708 iu
536 1655 660 1713 oratore
685 1643 814 1724 laudes,
839 1663 904 1712 una
922 1643 1078 1712 subtiliter

41 1757 204 1845 disputandi
234 1758 276 1824 ad
303 1759 491 1840 ducendum,
519 1761 621 1829 altera
645 1766 785 1849 graviter
805 1763 920 1849 agendi
943 1762 984 1828 ad
1006 1763 1076 1828 aui-

40 1895 96 1942 mos
121 1877 312 1942 audientium
332 1879 574 1966 permovendos,
602 1880 759 1968 multoque
779 1879 850 1968 plus
868 1879 1011 1969 proiciat
1033 1882 1073 1959 is,

39 1996 81 2079 qui
99 1994 267 2062 inflammet
287 1995 438 2073 iudicem,
460 2015 553 2082 quam
570 1996 642 2076 ille,
666 1999 719 2084 qni
737 1997 864 2064 doceat:
882 1997 1074 2086 elegantiam

38 2113 63 2176 in
80 2110 209 2191 Laelio,
235 2115 300 2179 vim
326 2115 359 2178 in
380 2111 485 2178 Galba
511 2113 621 2178 luisse.
666 2111 755 2193 Quae
781 2114 905 2200 quidem
933 2115 983 2180 vis
1010 2123 1075 2182 tum

36 2249 164 2298 maxume
192 2233 321 2316 cognita
348 2239 411 2308 est,
443 2249 512 2296 cum
532 2227 695 2300 Lusitanis
719 2251 739 2298 a
761 2230 831 2298 Ser.
856 2230 961 2298 Galba
979 2251 1073 2320 prae-

35 2356 91 2414 tore
118 2360 231 2417 contra
256 2351 487 2437 interpositam,
519 2359 552 2415 ut
578 2349 830 2429 existimabatur,
857 2349 949 2416 fidem
977 2342 1075 2418 iuter-

35 2464 114 2533 ieotis
141 2465 181 2532 L.
204 2463 326 2534 Libone
351 2467 475 2534 tribuno
500 2467 603 2555 plebis
626 2468 772 2558 populum
798 2470 946 2536 incitante
968 2479 999 2534 et
1019 2488 1074 2535 ro-

34 2586 182 2665 gationem
214 2587 247 2651 iu
283 2583 418 2652 Galbam
449 2585 595 2674 privilegi
626 2590 760 2656 similem
795 2587 915 2656 ferente
949 2605 1071 2654 summa

84 2788 118 2830 89.
146 2786 235 2842 Rutila]
248 2788 369 2832 Rutiliana.
382 2811 407 2822 -
428 2786 518 2844 diebus]
533 2788 662 2831 audiebas.
980 2785 990 2824 l

35 2953 125 3010 eodem
135 2957 284 3028 tempore]
298 2955 401 3010 eodem
411 2972 430 3009 α
440 2961 573 3026 tempore
583 2953 663 3008 codd.
675 2961 788 3024 praeter
797 2951 849 3026 ug.
859 2953 902 3010 itt.
920 2953 992 3011 Van.
1005 2955 1028 3010 1.
1037 2981 1072 2996 ·-

33 3041 117 3111 ceder]
137 3041 180 3095 alc
197 3037 248 3110 bg.
268 3039 292 3093 8.
309 3040 351 3094 51.
369 3039 411 3096 58.

85 3127 131 3181 88.
171 3121 269 3192 idque]
287 3123 321 3178 td
334 3124 412 3195 quod
425 3121 520 3177 bamb.
532 3151 568 3162 -
584 3117 743 3192 mulcatos]
760 3139 811 3194 per
824 3129 838 3177 t
849 3120 901 3195 Lg.
913 3124 957 3178 30.
970 3124 1013 3180 bd.
1027 3123 1069 3180 58.

32 3206 89 3267 Van.
104 3212 131 3265 l.
154 3206 205 3263 Gn.
221 3209 260 3274 l.;
279 3225 331 3278 per
349 3215 378 3264 ot
390 3207 433 3262 35.
445 3207 487 3264 39.
502 3205 545 3262 53.
560 3207 602 3262 68.
618 3207 660 3264 70.
679 3204 774 3264 0ttob.
795 3207 865 3264 Veu.
880 3208 905 3264 3.
922 3209 966 3270 ed.
979 3226 1022 3280 pr.
1039 3239 1070 3249 -

28 3293 183 3364 plurumis]
201 3291 241 3346 aie
252 3292 304 3365 Lg.
317 3293 342 3348 8.
356 3293 398 3349 39.
410 3293 453 3348 51.
463 3292 504 3348 53.
516 3291 557 3346 58.
567 3321 602 3334 -
619 3292 757 3364 querelis]
772 3291 909 3364 querellis
920 3293 971 3367 [ις.
984 3293 1025 3349 58
1036 3323 1072 3334 ·-

30 3379 73 3432 ille
97 3380 160 3447 tlte]
187 3379 227 3432 sic
252 3378 295 3434 etl.
320 3395 359 3448 pr.
383 3382 409 3432 8:
431 3377 511 3432 codd.
535 3379 768 3450 piuresaiavent
789 3377 840 3450 [ις.
858 3379 883 3435 8.
903 3379 945 3436 39.
966 3379 1008 3435 51.
1027 3379 1070 3434 58.

30 3461 71 3518 Gn.
86 3467 129 3532 3.,
153 3465 199 3534 qui
218 3463 271 3516 etta
289 3462 353 3526 dies
377 3463 445 3518 Ven.
466 3463 505 3530 1.,
526 3465 571 3534 qui
589 3464 643 3519 illa
661 3463 870 3534 disquestlone.
905 3464 957 3518 Gu.
977 3466 1000 3519 l.
1021 3463 1071 3518 etta

30 3556 66 3602 cot
83 3550 153 3605 dite.
182 3548 317 3619 vulgatur
333 3548 384 3604 etto
401 3549 449 3604 dt'e
468 3567 485 3602 a
501 3548 637 3603 Lambino
654 3548 726 3602 iude.
759 3547 901 3618 Receptae
917 3549 1071 3618 scripturae

27 3636 227 3699 patrocinantur
238 3635 419 3706 grammatici,
431 3652 459 3692 v.
469 3633 630 3688 Schneideri
643 3632 689 3688 Gr.
698 3630 762 3686 Lat.
775 3650 802 3702 p.
814 3632 866 3686 348
874 3649 932 3704 sqq.
951 3630 1071 3692 ofellius

27 3719 108 3772 omisit
126 3719 184 3774 die.

87 3803 189 3861 XXlll.
224 3803 267 3860 89.
304 3803 415 3874 Rutila]
433 3802 553 3859 Rutttea
571 3802 613 3857 ed.
628 3792 714 3872 prs&
732 3801 811 3856 codd.
830 3805 883 3857 mei
900 3811 1012 3876 praeter
1024 3801 1069 3857 30.

26 3884 61 3942 33.
80 3888 138 3954 58,
158 3890 186 3942 in
205 3889 303 3959 quibus
320 3899 361 3944 est
378 3889 554 3953 Rutiliana,
572 3895 669 3941 eontra
686 3903 763 3941 mum
778 3889 922 3944 sermonis.
959 3889 1070 3942 Utrum·

27 3987 75 4038 que
93 3989 128 4025 ex
146 3973 234 4043 prima
249 3973 358 4044 syllaba
374 3973 501 4029 vocabuli
517 3972 656 4044 sequentis
672 3969 760 4026 fluxit.
777 4001 814 4014 ·-
831 3971 908 4026 duae
922 3970 1070 4038 summae]

28 4053 79 4108 due
102 4063 248 4113 sententie
275 4075 389 4113 summ
412 4058 464 4113 Gu.
483 4058 507 4111 l.
528 4086 564 4101 ·-
589 4057 654 4122 tlte,
678 4057 741 4126 qul]
766 4071 820 4110 om.
849 4055 899 4109 ilde
920 4055 956 4108 ed
973 4047 1069 4124 pr.''··-

28 4143 176 4210 monente]
200 4143 241 4196 aic
264 4141 315 4214 Lg.
335 4143 361 4198 8.
380 4143 422 4199 51.
457 4142 515 4198 Pro
540 4142 659 4214 quidem
678 4144 725 4195 ota
745 4145 809 4193 tum
828 4138 880 4194 Gu.
902 4138 925 4193 1.
947 4137 1069 4208 quidem

29 4231 58 4278 ut
77 4229 175 4284 tatum.
193 4256 229 4273 ι·-
252 4226 287 4286 L.
309 4225 432 4298 Libone]
458 4227 538 4285 codd.
557 4245 651 4284 omnes
672 4233 700 4282 et
718 4223 760 4280 ed.
780 4223 822 4296 pr.
843 4221 874 4278 T.
894 4221 1014 4313 Libone.
1032 4250 1068 4270 ..-

818 4326 860 4394 13
