2676 4774
176 455 324 524 seems
346 453 643 540 ELOQUENTIAE
666 459 769 531 ROM.
790 461 898 531 hist.
996 467 1059 538 45

43 631 110 692 unius
133 635 225 692 tamen
253 630 378 692 achonis
401 639 503 694 contra
523 631 620 712 legem
643 632 678 698 6.
700 634 825 698 Gracchi
841 635 1062 700 frumentariam

42 731 161 793 memoria
186 729 291 793 relicta
319 738 363 792 est
379 727 441 811 (⁷⁵²).
491 731 606 796 Deinde
632 735 662 794 0.
692 737 1061 816 FauciasG.1².8trahc‚

42 831 67 894 c.
89 831 203 894 Gracchi
230 829 301 893 clim
331 831 456 907 amicus,
482 851 546 896 cnnr
572 853 629 917 cpe
656 836 718 898 eius
739 835 860 917 ¹deiectu
876 839 922 901 h.
944 837 1061 920 Opimia

42 932 199 994 consulatum
225 932 383 995 inuasisset
405 931 446 1010 (a.
468 935 561 1014 662),
589 955 609 998 a
635 937 822 1018 popularium
849 937 983 1020 partihus
1010 939 1061 1000 de·

41 1033 102 1095 iecit.
128 1035 159 1096 ln
181 1033 236 1096 illc
259 1034 435 1112 magistratu
456 1037 619 1098 oraticnem
640 1037 743 1100 hahuit
758 1039 792 1098 rte
807 1045 892 1100 accite
910 1049 937 1100 st
950 1043 1062 1100 uomica

42 1137 139 1205 iatius,
160 1153 246 1215 quarn
268 1153 340 1197 sane
355 1136 462 1198 honam
483 1143 512 1199 et
529 1137 657 1200 nchilenr
673 1138 828 1220 appellans
845 1139 949 1204 Cicero
965 1140 1060 1222 pluri·

41 1234 80 1294 bus
98 1237 269 1314 argumentis
297 1253 348 1299 ens
368 1237 495 1312 refutat,
521 1239 571 1319 qui
595 1239 666 1302 uG.
683 1240 787 1302 Persic
809 1240 928 1305 literato
945 1241 1062 1306 humine

41 1335 264 1416 temptamenta
285 1337 433 1400 nobilibus
457 1337 526 1418 qnid
547 1340 673 1421 quisque
696 1341 843 1422 patuisset
858 1342 889 1403 in
911 1359 976 1404 earn
997 1342 1060 1406 ccl·

40 1434 111 1497 latum
129 1437 333 1500 existimabant
347 1433 409 1516 (⁷³).
454 1439 514 1503 Sed
535 1441 581 1503 his
601 1441 693 1520 lunge
714 1441 859 1518 nobilior,
882 1444 937 1506 etsi
959 1452 1062 1508 crater

40 1535 144 1600 fortasse
166 1537 246 1601 haud
269 1539 380 1614 maier,
405 1543 450 1600 Μ.
474 1541 613 1602 Acanthus
635 1545 763 1602 Securae
779 1550 831 1606 est·
874 1543 903 1606 ls
925 1544 1060 1626 aequalis

40 1634 63 1696 6.
73 1637 186 1700 Gracchi
206 1638 355 1720 putandus
378 1645 422 1702 est
443 1657 496 1703 nec
520 1649 599 1704 certe
622 1651 690 1706 aute
711 1662 739 1706 a.
755 1643 817 1708 596
836 1652 921 1706 natus
935 1646 1060 1722 ridetur,

38 1737 267 1818 quiquaesturam
282 1743 408 1822 gesserit
423 1761 450 1804 a.
462 1743 533 1806 627.
561 1744 712 1808 Maiarum
723 1745 798 1806 enirn
810 1745 906 1826 culpa,
921 1754 953 1808 nt
963 1747 1061 1809 multis

37 1839 138 1916 patriciu
154 1859 267 1921 genere
287 1844 364 1906 nafis
379 1841 500 1920 accidit,
522 1844 565 1906 ita
582 1845 717 1908 iacuerat
733 1846 795 1908 eins
811 1848 907 1924 gentis
921 1849 1015 1911 hunos
1033 1855 1061 1912 et

37 1939 168 2019 rutilitas,
187 1951 220 2006 ut
241 1961 337 2024 neqrre
358 1951 444 2026 puter
466 1961 560 2025 neque
582 1963 654 2009 arus
672 1944 710 2007 ati
726 1939 886 2024 gerendum
902 1949 1061 2028 magistra-

38 2045 82 2100 tum
97 2043 267 2108 accederent
287 2044 385 2107 atille
401 2044 580 2107 carhcnaria
596 2053 762 2108 mercatura
777 2053 892 2126 partam
908 2048 1061 2128 pecuniam

37 2158 92 2204 saue
109 2146 247 2224 exiguam
267 2144 329 2208 filio
346 2139 601 2225 relinqueret(⁷⁴).
638 2145 667 2208 is
690 2146 899 2228 cumprimum
920 2155 1061 2226 argenta-

38 2241 95 2304 riam
116 2245 249 2324 iecisset,
274 2265 342 2310 mcx
368 2245 475 2309 ardens
500 2245 620 2325 ingenio
641 2253 671 2310 et
689 2247 806 2310 uirtutis
826 2247 926 2328 specie
949 2264 1061 2310 merum

38 2342 92 2406 uitia
108 2354 207 2427 tegens
231 2365 285 2430 spe
305 2355 427 2430 repente
447 2355 594 2430 concepta·
609 2346 648 2410 ari
668 2365 779 2410 summu
798 2346 928 2412 tetendit.
960 2346 1060 2424 Quae·

38 2450 101 2507 stura
117 2451 190 2510 enim
211 2457 300 2530 gesta
320 2449 498 2512 aedilitatem
520 2467 547 2510 a.
565 2451 627 2512 661
650 2448 773 2530 adeptus
790 2456 849 2524 est3
868 2449 899 2510 in
916 2467 976 2530 qua
997 2465 1061 2510 cum

39 2547 156 2613 tenuitate
172 2552 218 2614 rei
238 2559 385 2632 asumptn
401 2547 537 2613 ludorum
552 2549 689 2613 iaciendo
707 2550 929 2632 prohiberetur,
951 2549 1061 2612 uenter

38 2644 119 2710 hahita
142 2653 226 2714 urhis
256 2669 328 2714 cura
355 2659 386 2715 et
404 2651 523 2714 assidue
544 2649 667 2716 diceudo
692 2652 760 2714 iure
779 2669 839 2714 ncn
860 2651 953 2713 minus
977 2651 1009 2712 in
1028 2667 1061 2713 se

38 2749 155 2828 ptumum
193 2752 334 2828 aduertit,
372 2771 459 2834 quam
496 2752 714 2832 magnificentia
743 2751 879 2814 ludorum
908 2752 1061 2832 patuisset.

37 2844 140 2913 Praeter
159 2853 253 2932 igitur
270 2872 297 2916 u.
315 2855 393 2929 664,
421 2853 524 2915 consul
546 2871 574 2914 a.
590 2851 741 2927 6391111,
767 2868 820 2914 suc
838 2869 915 2914 annu
932 2851 1061 2914 deiectus

38 2950 100 3026 tQ.
123 2954 258 3016 Maxime
292 2963 321 3016 et
348 2953 381 3016 c.
405 2954 522 3015 Licinio
535 2948 599 3030 (⁷5).
648 2952 710 3014 Iam
736 2959 796 3012 tum
824 2953 972 3029 ingentem
998 2950 1062 3011 eius

38 3046 122 3114 ianam
133 3055 237 3116 rtuisse
254 3071 374 3115 necesse
390 3060 449 3126 est,
467 3067 531 3113 eum
547 3051 578 3112 in
592 3052 659 3132 ipso
671 3051 838 3126 consuetu,
855 3049 1062 3131 quodpraeter

38 3147 94 3214 huuc
108 3154 219 3216 nemini
235 3154 373 3233 contigit,
396 3159 514 3214 senatus
528 3152 666 3233 princeps
686 3150 781 3214 lectus
799 3151 837 3212 sit
852 3170 871 3212 a
891 3151 1061 3213 censoribus

38 3249 62 3310 h·
83 3254 205 3319 Metello
236 3263 265 3317 et
292 3255 344 3320 Gn.
372 3255 501 3318 Domitia
518 3249 581 3334 (²⁶).
624 3254 672 3317 Ex
699 3251 854 3315 consulatu
881 3252 1063 3334 prouinciam

39 3349 144 3418 Gelliam
172 3358 250 3418 rexit
267 3354 329 3438 (77).
372 3355 533 3421 censuram
559 3373 624 3418 cum
650 3355 695 3418 Μ.
723 3354 810 3430 Liria
836 3353 935 3416 Druse
960 3353 1062 3416 utilem

38 3457 161 3518 struendis
180 3459 319 3538 operibus
336 3459 462 3541 puhlicis
477 3448 571 3536 gessit
587 3477 616 3520 a.
629 3455 710 3530 645;
736 3454 789 3517 sed
808 3462 922 3518 mortuo
940 3455 1061 3533 collega

37 3551 80 3632 Ap.
98 3556 184 3621 Caeci
205 3561 367 3644 exemplum
386 3560 515 3621 imitatus
536 3565 638 3640 spreta
658 3556 728 3636 lege
742 3553 870 3620 Aemilia
887 3555 1062 3633 magistrumn

37 3723 224 3744 Q—

34 3887 35 3892 *
92 3857 134 3926 re)
152 3859 208 3914 cro.
224 3857 302 3914 ruse.
318 3859 362 3916 ru.
374 3859 471 3927 sc‚rs.
559 3857 605 3926 re)
622 3856 677 3912 cre.
691 3855 768 3912 Brut.
783 3854 827 3920 ec,
841 3854 883 3912 ee.
908 3854 1062 3910 rustecus

38 3937 83 3992 iius
99 3945 225 4000 orationis
243 3961 269 4000 v.
285 3945 357 4016 apud
370 3945 427 4001 Gir.
445 3945 480 3998 de
494 3941 543 4000 Or.
560 3941 665 4018 11117,
685 3942 742 3998 163.
767 3942 855 3996 Prisc.
868 3939 942 3995 Vlil.
957 3941 983 3992 4.
1004 3947 1025 3993 t.
1039 3936 1060 3990 1.

37 4021 164 4086 136811.
191 4027 296 4086 Charis.
317 4048 344 4101 p.
361 4030 417 4085 116.
445 4029 495 4083 lui.
510 4029 581 4083 Viet.
602 4045 629 4098 p.
645 4027 686 4083 51.
774 4027 819 4092 tt)
837 4025 936 4076 Aenon.
955 4021 1059 4076 adOie.

38 4120 57 4171 P·
69 4107 165 4168 Scauro
179 4131 206 4184 p.
218 4115 278 4170 146.
298 4113 425 4170 Schuetz.
441 4114 516 4168 Phut.
531 4113 567 4166 de
581 4112 643 4168 iort.
659 4129 725 4182 pop.
738 4111 771 4165 R.
791 4128 817 4180 p.
826 4107 885 4162 ³18.
906 4105 967 4162 Vah.
980 4103 1059 4160 Max.

38 4185 109 4260 ¹V·⁴‚
123 4197 161 4255 11.
251 4201 295 4270 rs)
314 4200 370 4255 erc.
383 4199 457 4254 urus.
472 4199 513 4266 ιτ,
526 4196 569 4251 us.
657 4197 703 4266 rc)
720 4195 815 4251 Aurei.
833 4193 904 4247 vra.
922 4189 964 4246 rr.
989 4189 1060 4244 erra.

39 4269 66 4330 Η.
75 4275 106 4333 N.
122 4279 152 4336 11.
165 4284 206 4338 55.
295 4285 340 4353 77)
358 4283 506 4340 Frontinus
523 4282 570 4341 iV.
589 4283 622 4352 3,
642 4282 685 4337 13.
