2644 4774
235 351 299 421 ΑΙ)
323 350 411 421 616.
432 345 633 422 BRUTUM
656 349 747 420 CAP.
768 351 820 422 68.
841 353 894 421 69.
985 353 1086 426 409

58 523 136 589 omri
160 522 199 606 (r.
221 523 296 607 Nep.
317 526 377 590 Aa
399 523 444 605 1.)
474 523 656 589 consulatum
681 525 715 588 P.
743 523 887 588 Autronio
916 521 953 587 de
980 523 1091 588 ambitu

58 625 178 704 damnato
211 633 256 690 est
286 625 409 708 adeptus
441 643 469 688 a.
496 627 569 691 689.
618 624 712 688 Filius
743 625 829 688 huius
860 625 971 705 insigni
1000 624 1091 688 laude

57 726 232 808 praedicatur
259 744 284 789 6.
313 729 370 801 76,
399 725 471 790 266.
513 725 559 789 Ile
592 727 641 786 66.
669 729 802 804 Pompeio
830 723 929 788 dicere
956 743 1015 788 non
1047 732 1091 788 est

56 843 172 890 necesse.
216 827 371 890 06616666
396 843 455 890 666
480 826 587 900 foisse,
618 833 650 888 nt
678 825 782 890 Cicero
809 827 1089 908 116666616616-

56 927 228 993 6666666161
254 927 325 990 olim
354 927 411 990 sibi
433 926 597 990 1661116616
623 927 701 989 16616
729 925 961 1006 magnificentius
989 925 1025 990 de
1052 943 1089 990 eo

56 1027 167 1103 dixerit,
188 1028 237 1092 rel
258 1045 296 1090 ex
317 1027 450 1110 epistolis
468 1027 531 1090 eius
551 1027 811 1092 61666661666666
828 1027 947 1108 corpori
967 1027 1090 1090 inclusis

55 1128 214 1190 existimare
232 1127 327 1198 licet]
354 1128 552 1205 Quintilianus
568 1127 619 1191 ΠΙ.
635 1129 671 1204 8,
687 1127 738 1191 60.
759 1129 943 1190 orationibus
964 1147 983 1189 6
1003 1128 1090 1191 6166-

54 1245 121 1290 rone
140 1229 254 1309 scriptis
275 1247 359 1291 usum
379 1229 486 1304 relert3
517 1230 599 1292 cuius
619 1229 665 1290 rei
692 1229 833 1290 memoria
853 1235 1011 1309 praeterea
1030 1246 1090 1291 666

53 1335 151 1390 exstat.
192 1329 267 1392 Nam
294 1328 374 1412 quod
402 1329 498 1394 Sextii
523 1329 707 1392 orationibus
733 1348 817 1392 usuun
844 1329 1014 1410 Pompeium
1042 1346 1090 1392 se·

54 1427 168 1490 cundum
190 1428 297 1493 dictum
323 1429 469 1512 quoddam
490 1429 642 1495 Ciceronis
672 1429 711 1492 66
732 1427 859 1494 Atticum
879 1429 942 1496 vll.
967 1432 1016 1494 17.
1042 1429 1090 1492 61-

51 1529 141 1592 116661
159 1530 314 1611 Meyerus,
338 1531 460 1596 errarit.

133 1665 204 1728 240.
248 1671 284 1726 D.
307 1667 435 1744 Silanos]
463 1666 566 1728 consul
591 1683 668 1728 6666
688 1670 757 1746 6661
778 1665 950 1729 616666666
971 1685 999 1727 6.
1017 1668 1089 1730 692.

53 1765 84 1834 Q.
113 1767 259 1843 Pompeios
288 1784 315 1827 6.
337 1767 400 1828 706
433 1784 497 1828 666
524 1767 639 1845 Magno
672 1783 726 1828 666
755 1766 860 1844 gentili
891 1767 922 1828 in
953 1767 1088 1846 Aegypto

48 1865 150 1945 periit:
172 1866 327 1931 0666111.
351 1866 400 1930 15.

131 1985 202 2044 241.
245 1987 279 2042 Ρ.
295 1983 463 2061 Autronios]
487 1981 633 2046 Catilinae
654 1983 750 2065 prima
768 1982 970 2044 coniuratione
991 1982 1089 2044 socius

47 2101 112 2145 curn
136 2082 171 2145 L.
194 2083 281 2146 Sulla
310 2084 434 2146 ambitus
462 2083 614 2146 damnatus
642 2104 660 2146 6
684 2083 922 2164 competitoribus
944 2084 979 2144 L.
1003 2081 1090 2145 66116

46 2191 76 2245 61
94 2183 129 2246 L.
148 2183 300 2266 Torquato
324 2203 352 2246 6.
374 2185 437 2248 689
458 2185 488 2246 16
508 2185 631 2266 Epirum
652 2185 726 2246 abiit
747 2183 926 2260 exsulatum,
946 2183 998 2245 ubi
1017 2183 1091 2247 rixit

44 2283 84 2346 ad
107 2303 134 2346 6.
155 2285 233 2348 6066
257 2304 285 2349 v.
310 2284 371 2348 Cic.
392 2287 451 2348 Att.
472 2286 523 2349 III.
548 2290 577 2348 2.

133 2403 162 2462 C.
175 2403 319 2480 61616666]
342 2403 551 2466 obscurissimo
569 2421 678 2484 genere
694 2409 780 2464 natus
796 2402 826 2464 in
845 2409 961 2482 gentem
974 2401 1091 2465 Aeliam

39 2505 177 2584 irrepere
209 2504 319 2586 cupivit
348 2503 480 2586 dixitque
512 2523 544 2568 sc
573 2505 607 2569 6.
635 2505 752 2568 Aelium
779 2505 902 2568 Paetum
930 2503 1090 2578 Staienum,

40 2604 131 2685 quasi
158 2621 195 2666 ex
223 2611 310 2684 gente
331 2604 416 2668 Staia
442 2606 997 2688 16661166666666661666616166;
1023 2605 1091 2666 binc

38 2704 182 2768 Ciceroni
210 2704 316 2767 dicitur
340 2723 373 2768 se
401 2707 466 2786 ipse
488 2707 660 2788 adoptasse:
688 2726 716 2768 r.
739 2705 800 2767 616.
827 2724 856 2784 p.
880 2705 1015 2768 Cluentio
1038 2707 1089 2766 26.

34 2806 73 2867 16
97 2807 155 2866 bac
180 2822 271 2865 66666
297 2803 387 2864 iudex
412 2821 476 2864 cum
502 2806 639 2864 sestertia
665 2803 773 2864 DCXL
802 2803 840 2862 ab
863 2803 1027 2882 Oppianico
1053 2803 1092 2864 66

32 2904 156 2968 1661666
185 2900 413 2982 corrumpendos
442 2909 566 2983 accepta
591 2901 820 2976 intervertisset,
849 2900 1002 2964 damnatus
1032 2909 1091 2964 est:

32 3007 104 3069 Cic.
130 3001 246 3065 616661.
268 3002 299 3062 7.

127 3134 238 3198 LXIX.
283 3135 356 3196 242.
401 3134 432 3193 6.
464 3143 490 3194 et
518 3138 555 3194 L.
585 3133 727 3212 Caepasii]
761 3133 931 3196 defensores
960 3133 1093 3197 Fabricii

30 3238 183 3303 6666116
206 3254 297 3299 66666
319 3234 461 3299 Cluentii:
487 3255 515 3298 r.
538 3235 676 3316 616666
700 3235 837 3298 Cluentio
859 3238 909 3298 20.
952 3235 1005 3309 lli,
1029 3253 1092 3297 cunr

30 3339 189 3422 oppidani
210 3344 322 3412 essent,
342 3336 451 3400 6616616
468 3336 684 3400 consuetudinis
701 3337 867 3406 tenaciores
888 3354 993 3398 nornen
1009 3354 1092 3398 suum

27 3459 94 3524 per
118 3440 218 3520 sigma
237 3439 354 3501 literam
375 3437 465 3498 scribi
485 3438 631 3514 maluere,
653 3437 732 3518 quod
753 3438 784 3498 16
798 3436 941 3511 Valeriis,
963 3437 1092 3517 Papiriis

26 3541 143 3605 Furiis
166 3539 273 3602 dudum
293 3538 480 3600 obliteratum
500 3545 578 3611 erat,
601 3544 634 3598 ut
656 3539 786 3613 66666611
807 3537 904 3610 111166,
937 3537 985 3616 qui
1010 3536 1092 3600 6611-

26 3642 123 3704 linae
148 3641 348 3713 secluserat,
372 3637 535 3718 exemplum
557 3637 651 3699 docet.
694 3636 776 3698 Hunc
799 3654 851 3698 cur
867 3637 1033 3714 Caeparium
1054 3656 1092 3702 66

27 3740 157 3804 monito
175 3738 289 3820 quidem
305 3738 418 3800 lectore
434 3737 493 3799 dici
508 3737 635 3800 voluerit
651 3736 780 3798 Kritzios
798 3737 874 3801 Sall.
892 3737 1044 3812 6611146,
1063 3741 1092 3800 3.

25 3859 98 3904 non
123 3857 281 3920 assequor.
323 3837 400 3900 Dioti
429 3839 506 3900 eninr
528 3839 661 3915 Coeperit
682 3855 706 3898 6.
729 3839 850 3918 Ceparii
871 3843 937 3900 sunt
959 3853 1094 3916 666666

25 3942 146 4015 olere,
177 3947 210 4001 ut
231 3938 322 4003 061111
343 3937 469 4020 66661111
490 3937 591 4001 Porcii
617 3939 738 4002 ab.oue
764 3955 857 4018 capra
887 3952 989 4017 porco.
1032 3939 1092 3994 Re-

24 4044 192 4120 6661666
219 4039 255 4102 66
282 4039 398 4102 166166
422 4038 546 4114 616166,
574 4038 653 4119 qnod
675 4037 759 4100 66116
782 4041 969 4117 exspectante
992 4041 1092 4098 notum

23 4141 156 4204 1661666
179 4138 339 4222 signifieat,
360 4139 490 4202 111661661
511 4139 665 4204 Turnebus
684 4137 844 4204 Adversas.
865 4135 943 4205 XIV.
964 4141 1015 4202 22.
1058 4171 1060 4176 -
