2644 4774
228 384 322 480 'ato
553 396 964 466 nunnionrrones

233 577 341 642 Florus
369 571 420 638 111.
450 576 494 647 1.;
520 573 551 634 in
581 571 698 653 Opinio
724 569 964 635 1161661666.
988 571 1122 637 Graccho
1147 572 1196 634 18.
1233 570 1271 634 Ile

234 676 421 742 damnatione
450 673 558 756 Opimii
586 673 659 734 mire
686 679 768 734 errat
792 673 939 736 Matthiae
967 672 1005 735 ad
1032 673 1094 737 616.
1122 692 1153 755 p.
1182 674 1271 737 Sextio

234 781 292 855 67,
316 781 386 842 lto.
418 779 469 855 Sp.
485 771 606 834 Albinus
626 772 754 835 tortasse
773 780 895 854 propter
914 771 1017 836 fratris
1032 774 1104 838 Auli
1124 777 1271 856 nequitiam

234 897 294 944 non
320 877 434 958 defugit
456 875 577 938 eandem
599 875 808 956 suspicionem:
841 893 869 937 ι.
892 875 968 938 Sall.
988 875 1054 955 lug.
1076 877 1129 938 36.
1174 874 1273 941 Consul

235 997 312 1044 anno
332 987 400 1062 post
417 977 548 1041 Bestiam
567 975 633 1038 fuit.
1297 991 1298 994 ¹

320 1099 390 1160 129.
436 1093 621 1170 6116666]
644 1091 1046 1181 6666ι16ιι66.Μ6ι166
1064 1031 1147 1167 656,
1171 1094 1274 1156 oooisns

236 1217 257 1261 6
273 1197 421 1262 Manams
438 1194 559 1258 tumultu
578 1193 710 1257 Cinnano
727 1212 755 1257 a
767 1170 839 1257 667.
871 1193 1013 1257 Diuersus
1031 1195 1070 1258 ab
1086 1196 1145 1258 hoo
1155 1195 1275 1258 Fimbria

234 1300 297 1364 ι116
318 1306 347 1362 61
368 1298 449 1362 exitu
470 1295 588 1384 infamis
610 1303 899 1358 commemoraturo.
922 1297 978 1371 66,
1001 1297 1074 1358 233.
1301 1264 1303 1376 6

322 1421 484 1478 6161616-
501 1433 600 1491 penore
615 1413 694 1490 liber]
711 1417 815 1472 6161616
826 1431 889 1474 curn
901 1417 1039 1473 orationis
1049 1413 1135 1492 iungi
1124 1411 1304 1494 Meyerus

236 1516 308 1581 uult
340 1514 427 1594 Quod
447 1514 630 1595 hyperbaton
648 1521 680 1575 61
700 1531 754 1596 per
774 1531 806 1575 se
824 1513 926 1575 durum
948 1521 1007 1588 est,
1028 1514 1072 1575 ita
1091 1514 1220 1594 ineptam
1234 1513 1274 1575 hio
1304 1512 1305 1598 6

236 1618 408 1680 sententiam
432 1615 542 1679 reddit:
565 1615 674 1695 quippe
695 1619 786 1674 uirtus
809 1619 948 1674 orationis
969 1615 1037 1696 ipsa
1058 1631 1179 1695 quoque
1198 1633 1275 1691 perus
1305 1636 1306 1692 ι

233 1717 378 1782 orationis
395 1725 448 1792 est,
465 1717 642 1779 eontrarium
656 1715 784 1778 orationi
800 1713 961 1793 languidae
979 1714 1307 1800 61661111111666

234 1817 408 1898 Bernhardy
429 1815 586 1879 seeundum
606 1816 667 1880 Cio.
690 1813 746 1878 011
767 1815 818 1877 Ill.
842 1819 891 1878 19.
914 1815 1041 1877 ostendit
1060 1817 1158 1878 uirum
1178 1817 1275 1878 bonnm

235 1919 311 1994 6161,
340 1919 391 2000 qui
410 1919 517 1982 uirtute
538 1935 594 1979 sua
611 1916 743 1978 fretus
733 1933 801 1996 ipsa
826 1915 961 1978 oratione
986 1916 1183 1978 libertatem
1174 1915 1276 1996 rugeuii

234 2019 470 2103 praeseferat.

322 2137 394 2202 130.
438 2137 468 2197 6.
497 2139 615 2196 Sentius
647 2134 791 2212 66161666]
818 2142 940 2216 praetor
968 2152 996 2195 a.
1028 2133 1101 2196 655.
1150 2131 1215 2195 Non
1238 2138 1278 2194 est
1309 2134 1310 2192 6

235 2238 300 2304 ueri
316 2236 411 2300 simile
428 2255 493 2300 esse
511 2235 642 2312 eundem,
661 2237 711 2317 qni
729 2241 968 2298 oommernoretor
984 2234 1020 2298 de
1037 2232 1278 2310 obtinento.
1310 2258 1311 2312 l

234 2339 293 2417 61,
315 2339 388 2402 249.

317 2444 363 2500 Μ.
394 2438 510 2517 Burnus]
547 2456 567 2500 a
597 2437 777 2519 turpitudine
806 2437 886 2501 uitae
913 2439 1089 2496 accusatoris
1121 2453 1277 2516 cognomen
1311 2381 1312 2444 6

235 2538 363 2618 aceepit:
392 2537 454 2600 616.
483 2537 519 2600 66
547 2539 598 2602 0r.
628 2539 665 2602 11.
687 2539 742 2614 54,
765 2540 837 2601 226.
875 2535 1149 2612 0t.11.14,5o.
1193 2538 1276 2601 Pater

236 2638 300 2701 eius
324 2645 434 2720 septem
454 2638 549 2702 libros
569 2639 605 2702 de
627 2640 693 2701 iure
714 2639 795 2701 ciuili
814 2637 973 2718 reliquisse
993 2635 1101 2699 dieitur
1120 2638 1275 2719 Pomponio

236 2737 273 2801 66
295 2740 346 2803 0r.
368 2739 427 2803 lor.
451 2743 487 2815 3,
510 2742 576 2816 39,
604 2739 658 2803 sed
686 2749 714 2802 et
734 2739 848 2802 dootior
869 2746 897 2800 et
918 2739 1068 2818 antiquior
1085 2740 1171 2801 testis
1193 2741 1274 2802 Seue

235 2841 307 2904 nola
323 2847 384 2904 tres
400 2850 512 2905 tantun
528 2859 617 2906 ueros
635 2842 835 2904 existimabat:
852 2858 880 2902 ι.
897 2838 958 2901 616.
973 2838 1011 2900 66
1030 2839 1081 2902 Or.
1099 2839 1137 2902 11.
1148 2839 1200 2915 55,
1212 2841 1274 2901 224.

320 2967 352 3018 ot
374 2960 493 3020 Athonis
513 2959 672 3036 Lpoorqos]
703 2965 735 3020 ut
762 2957 919 3020 concedam
940 2955 1133 3037 Bernhardyo
1158 2957 1277 3038 rigidam

235 3055 319 3120 illam
350 3059 509 3123 66666661
531 3061 732 3134 seueritatem,
767 3077 826 3139 qua
853 3059 891 3120 sit
916 3059 1071 3138 Lycurgus
1096 3077 1184 3134 usus,
1212 3060 1276 3142 ipsis

235 3159 460 3222 Atheniensibus
492 3161 583 3242 paulo
617 3160 838 3224 insolentiorem
869 3160 980 3234 visan,
1011 3167 1109 3220 tamen
1140 3160 1278 3223 invidiose

233 3258 342 3321 iecisse
365 3260 471 3323 Gioero
495 3261 641 3343 putandus
671 3267 732 3335 est,
762 3259 812 3340 qui
832 3261 976 3322 hominem
1001 3260 1213 3340 nequissimum
1231 3278 1278 3323 neo

234 3358 299 3422 ulla
320 3358 400 3421 bona
422 3368 486 3423 arte
507 3370 607 3424 notum
626 3380 689 3425 666
704 3361 769 3424 uiro
791 3361 982 3423 sanctissimis
1001 3361 1132 3424 moribus
1150 3363 1277 3444 praedito

234 3462 459 3542 temperaverit.
1180 3455 1183 3462 ¹

320 3580 390 3640 131.
433 3579 634 3658 1696666166]
657 3577 693 3642 66
711 3578 845 3641 darnno
835 3579 946 3641 rniuria
961 3577 1030 3642 dato
1046 3579 1140 3641 fuisse
1157 3587 1280 3653 constat

235 3673 288 3736 sed
309 3693 363 3738 nee
382 3675 419 3739 de
440 3686 561 3740 auctore
579 3698 634 3742 neo
655 3681 691 3743 66
712 3687 853 3762 tempore.

319 3791 442 3858 XXXV.
489 3797 726 3875 1161166166]
717 3816 743 3859 rs
776 3795 898 3873 onnrQ
925 3795 1102 3860 Scaeuolam
1131 3735 1169 3860 6.
1190 3796 1281 3860 Laelii

233 3909 374 3972 generum
396 3911 433 3957 ex
453 3896 527 3958 Asia
546 3897 775 3978 repetundarum
794 3899 907 3960 frustra
926 3904 1109 3972 accusasset,
1130 3897 1202 3978 ipse
1224 3904 1284 3980 post

233 3993 404 4060 Sardiniam
424 4014 479 4078 pro
502 4005 643 4079 praetore
663 3998 895 4062 administratam
919 4017 947 4061 a.
967 3998 1028 4062 651
1057 3996 1132 4061 66.
1156 3997 1285 4062 Caesare

233 4094 381 4159 Strabone
403 4096 555 4160 damnatus
572 4099 703 4162 Athenas
720 4101 865 4165 oonoessit
880 4100 912 4162 in
932 4099 1078 4162 exsilium.
1108 4097 1184 4161 Eius
1203 4098 1286 4160 iasti-

236 4192 312 4256 6166
332 4198 519 4262 sermonis&
537 4198 691 4265 literarum
701 4203 873 4302 Latinarum
892 4199 1058 4270 Scaeuolae
1073 4216 1206 4282 persona
1224 4198 1287 4262 risit
