2676 4774
252 421 318 498 00
409 415 559 486 nnavls
580 413 880 495 ELOQUENTIAE
901 412 1005 484 ROM.
1027 412 1137 489 Hlsr.

251 591 342 658 totius
359 588 502 654 orationis
518 585 592 650 ordo
609 594 638 650 et
655 585 776 670 pertitio
797 583 878 668 apud
894 584 1018 652 eundem
1034 581 1211 668 exstat(‘¹⁹);
1231 587 1294 650 item

253 699 341 774 caput
360 689 451 765 illul,
472 691 503 754 in
524 706 582 770 quo
603 690 773 754 vertebatur
795 705 887 752 cause
904 688 1069 752 croatam
1089 696 1194 754 nonna
1210 688 1296 752 Grae-

252 812 315 856 snm
335 791 415 856 elicta
436 791 476 854 alr
495 791 623 854 Antonio
638 785 701 868 (⁹⁹).
746 787 807 855 Sed
829 805 867 853 en
887 788 939 863 iis,
962 805 1039 868 quae
1060 789 1167 855 Gicero
1190 789 1228 851 de
1249 791 1294 852 0r.

251 894 367 968 1154,
390 891 464 954 257.
488 899 591 954 namet
611 889 648 952 de
669 891 834 954 testimonio
857 888 891 956 (l.
914 888 1012 954 Gaelii
1035 887 1137 965 Galli,
1165 891 1223 955 atsi
1244 907 1295 968 ego

252 995 323 1059 clim
345 1002 373 1056 et
389 994 530 1073 Meyerus
551 992 731 1073 putarimus,
753 991 869 1060 minime
891 989 1017 1052 elicitur
1038 1007 1159 1055 cansam
1180 989 1218 1052 de
1239 1009 1295 1052 an-

251 1097 315 1163 bitu
336 1102 441 1158 eontra
462 1094 506 1158 M.
525 1091 690 1156 Duronium
711 1090 818 1154 dietam
841 1109 923 1166 esse;
945 1099 1069 1172 possunt
1089 1093 1166 1159 enim
1185 1092 1243 1154 illa
1263 1091 1296 1154 al

253 1213 373 1260 causam
392 1195 482 1279 plane
503 1193 594 1256 aliam
621 1211 676 1258 nec
696 1193 817 1258 Antonii
836 1192 955 1256 referri.
997 1191 1118 1256 (ilatum
1139 1201 1297 1257 astantem
1324 1243 1325 1246 ,

253 1315 294 1360 ex
313 1295 480 1370 Ciceronis,
502 1295 607 1375 quilius
629 1295 688 1358 iam
704 1294 753 1356 usi
775 1311 886 1367 samus,
907 1291 1006 1358 uerbis
1018 1274 1085 1373 (¹¹⁰⁰)
1105 1295 1160 1358 iras
1181 1293 1298 1356 Antonii
1324 1361 1325 1364 Ἴ

253 1397 419 1463 orafinnum
441 1395 585 1477 reliquias
610 1393 776 1458 auditorum
797 1394 919 1458 auribus
940 1401 1085 1470 retentas,
1106 1412 1167 1458 non
1181 1394 1299 1460 Antonii
1324 1407 1325 1474 j

252 1497 487 1577 manuscriptas
508 1504 537 1560 et
554 1496 659 1562 editas.
700 1494 768 1576 lpse
790 1495 866 1558 enim
887 1494 961 1558 nihil
981 1495 1084 1576 scripti
1102 1495 1193 1558 edidit
1209 1513 1298 1575 quan
1324 1501 1325 1522 ³

252 1616 325 1662 saue
346 1598 453 1662 exilem
469 1596 614 1678 pendam
635 1597 669 1656 ela
685 1600 796 1656 rotterm
812 1595 923 1656 imnodi
937 1595 1089 1671 'libellum3
1112 1611 1190 1676 quae
1208 1595 1299 1658 rerba

252 1699 406 1766 Ciceronis
431 1693 576 1776 suut,(¹):
607 1715 693 1778 quern
719 1713 784 1760 cum
809 1695 985 1778 imprudenti
1005 1697 1134 1761 Antonio
1157 1694 1300 1760 excidisse
1324 1699 1325 1786 }

253 1801 315 1866 alic
338 1800 406 1862 loco
430 1797 536 1861 Gieero
565 1797 706 1874 afirmat,
732 1796 764 1860 il
791 1797 959 1862 excusando
987 1795 1023 1863 ne
1044 1798 1186 1866 tenuitate
1206 1796 1301 1860 libelli
1324 1829 1325 1870 ς

252 1901 380 1966 Antonio
408 1898 479 1961 dicit
497 1893 557 1976 (²).
600 1897 694 1960 Huius
726 1897 803 1962 elnae
830 1897 995 1989 particulae
1020 1905 1145 1960 exstant.
1188 1898 1301 1972 Altera,

252 2001 335 2066 cuius
358 1999 501 2062 sententia
528 1998 682 2062 notissima
703 2005 747 2060 est
768 2006 797 2060 et
818 2016 838 2059 a
859 1999 955 2060 multis
976 1999 1059 2074 trita,
1088 2015 1154 2060 sese
1175 1997 1301 2062 disertos

252 2101 362 2167 vidisse
377 2099 496 2181 plures,
519 2098 703 2179 eloquentem
722 2099 817 2162 adhue
833 2099 989 2174 neminem,
1012 2099 1212 2180 conpluribus
1229 2101 1301 2164 locis

253 2221 274 2264 a
303 2201 447 2266 Cicerone
478 2200 579 2278 posita
613 2206 657 2262 est
679 2192 739 2276 (³).
780 2199 913 2262 Alteram
945 2199 1145 2276 Quintilianus
1176 2201 1303 2266 senaria

253 2299 381 2381 simplici
408 2306 436 2361 et
468 2298 591 2376 antiqua
620 2297 747 2378 quadam
775 2305 928 2364 venustate
958 2301 1221 2367 commendabilem
1239 2299 1301 2379 (⁴);

253 2417 315 2482 qua
341 2399 438 2466 lentes
470 2396 522 2477 qui
548 2397 606 2458 sint
636 2405 666 2460 et
695 2417 804 2465 causae
832 2401 997 2465 orationum
1028 2401 1160 2467 breuiter
1185 2421 1302 2468 enume-

252 2507 366 2568 rantur.
401 2497 515 2568 Mansit
535 2498 561 2559 is
581 2497 701 2570 lilrellus
724 2499 762 2574 ael
776 2500 950 2580 Quintiliani
970 2508 1096 2569 senten
1118 2502 1303 2584 aplerisqne

255 2603 319 2670 siae
340 2599 446 2676 iulio,
473 2615 550 2681 quae
579 2606 644 2664 erat
667 2601 749 2664 illius
771 2602 866 2666 secun
887 2604 1083 2683 peruersitas,
1110 2612 1302 2688 contemptus.

729 2767 757 2852 p.
779 2771 830 2832 27.
903 2803 908 2826 .

687 2879 720 2938 L.
740 2881 863 2938 Crassus.

336 3003 480 3088 Aequalis
505 3005 627 3070 Antonii
659 3011 688 3066 ct
714 3005 866 3068 oratoriae
892 3003 990 3067 laudis
1018 3005 1153 3071 aemulus
1181 3008 1243 3072 luit
1271 3013 1304 3068 1..

253 3108 382 3171 Limnias
404 3107 541 3176 Graecas,
570 3104 736 3181 Ciceronis,
765 3105 816 3186 qui
836 3106 913 3168 lunc
937 3106 993 3168 sibi
1019 3107 1194 3172 similiorem
1213 3110 1306 3172 inisse

253 3207 330 3283 solt,
349 3205 517 3272 testimonio
535 3211 564 3266 et
580 3203 670 3268 laude
690 3205 787 3284 magis
806 3205 894 3268 etiarn
914 3207 1096 3272 nobilitatus.
1127 3209 1223 3274 Pater
1246 3213 1306 3274 eins

253 3306 295 3372 ael
323 3323 463 3374 summum
493 3305 523 3366 in
554 3306 671 3370 ciuitate
697 3307 839 3372 honorem
871 3325 930 3372 nou
958 3309 1105 3389 pervenit,
1138 3311 1194 3374 secl
1228 3313 1307 3374 intra

252 3413 425 3490 praeturam
446 3405 612 3468 constitisse
632 3406 779 3486 putandus
801 3415 859 3468 est:
886 3409 915 3470 si
936 3409 1052 3489 quidem
1073 3409 1111 3473 cle
1132 3411 1168 3474 Ρ.
1191 3411 1306 3476 Crasso

253 3507 395 3572 Muciano
417 3507 546 3584 cogitari
566 3523 625 3570 non
642 3513 755 3587 petest,
776 3515 809 3569 ut
829 3508 900 3573 olim
913 3509 1007 3574 rmum
1027 3511 1098 3575 milri
1117 3517 1146 3574 et
1163 3512 1264 3590 aliis(
1286 3511 1307 3590 ).

253 3606 348 3668 Natus
367 3607 403 3669 Ι..
422 3607 552 3671 Crassus
568 3615 612 3670 est
629 3605 664 3673 G·
681 3607 788 3672 Laelio
805 3616 840 3670 et
859 3608 895 3686 Q.
914 3610 1045 3676 Servilio
1063 3609 1219 3694 Caepione
1238 3632 1306 3676 eon-

253 3727 464 3744 ffl-

322 3798 636 3870 commensales.
719 3801 765 3872 99)
776 3803 832 3858 cie.
843 3799 897 3859 off.
908 3803 955 3860 lll.
967 3807 1009 3874 16,
1018 3808 1061 3862 67.
1095 3845 1099 3848 -
1145 3809 1215 3878 400)
1229 3810 1306 3865 Brut.

253 3886 379 3954 44163.
414 3886 567 3947 Imitatione
594 3887 728 3954 quosdam
754 3905 789 3942 ex
813 3889 959 3960 Aquiliana
983 3892 1147 3949 defensione
1172 3911 1309 3965 expressa

250 3971 330 4028 erodi
346 3979 461 4042 possunt
478 3989 496 4024 a
512 3969 593 4026 chet.
611 3969 732 4030 Herenu.
749 3971 798 4033 lv,
815 3971 858 4028 38.
876 3973 919 4030 39.
940 3992 975 4028 ex
991 3975 1176 4034 Norbaniana
1196 3979 1253 4036 lv.
1270 3979 1309 4032 46.

251 4056 282 4124 1)
309 4056 365 4112 cla.
381 4055 462 4117 Brut.¹
478 4055 529 4121 44,
549 4053 607 4114 163.
693 4055 722 4123 2)
747 4056 861 4117 (lianc
880 4056 930 4118 Or.
948 4059 969 4116 1.
987 4061 1039 4129 21,
1058 4062 1101 4118 94.
1161 4109 1164 4116 .
1193 4063 1229 4132 3)
1258 4063 1310 4120 cra

251 4136 305 4198 ssr.
323 4139 355 4206 c,
373 4138 414 4192 18.
439 4138 493 4207 30,
512 4137 570 4202 106.
581 4181 584 4199 f
597 4138 670 4197 Plio.
686 4137 758 4211 Epp.
771 4139 807 4198 V.
825 4141 868 4200 10.
893 4143 1008 4202 Qutnnl.
1026 4146 1310 4216 prooem.vu1.1a

253 4225 282 4292 4)
299 4222 346 4278 111.
364 4222 396 4288 c,
413 4221 457 4278 45.
545 4220 574 4291 5)
595 4221 668 4280 Vide
686 4224 742 4285 (llo.
761 4225 797 4282 tle
813 4223 864 4286 01⁸·
882 4227 902 4286 1.
920 4229 970 4299 37,
990 4230 1074 4288 171),
1133 4279 1136 4284 .
