2646 4772
243 325 332 396 ars
632 315 895 388 ereuaours

243 489 472 560 desistebamus
488 507 558 557 oum
580 490 662 560 omni
683 507 801 574 genere
817 486 1052 556 exereitatiouis
1066 497 1130 554 ton
1147 506 1279 556 masone
1311 485 1312 556 i

243 609 317 678 stilo
342 618 481 676 nostram
507 607 602 683 illud,
634 605 718 693 quod
747 615 832 682 erat,
861 624 994 690 augere,
1021 579 1279 692 qoanmnonnqle
1311 561 1312 654 l

242 737 320 816 eret.
362 727 481 814 Atque,
509 735 542 794 ut
570 724 668 792 multa
692 725 831 792 omittam
858 725 893 790 in
912 722 974 791 hoo
994 726 1096 812 spatio
1118 727 1161 804 [et
1186 729 1219 792 in
1238 722 1279 788 his
1311 773 1312 798 r

240 856 312 935 post
338 845 530 914 aedilitatem
562 845 666 924 annis]
694 853 725 910 et
752 852 879 930 praetor
903 844 1021 930 primus
1047 852 1079 908 et
1110 840 1281 908 incredibili

240 964 348 1053 populi
376 963 534 1031 voluntate
562 982 632 1028 sum
658 961 770 1028 faetus.
812 979 886 1031 uam
911 981 982 1028 oum
1006 969 1132 1050 propter
1155 961 1282 1028 assidui·

240 1091 336 1152 tatem
363 1084 398 1150 in
424 1083 532 1152 causis
555 1090 586 1148 et
607 1079 792 1148 industriam
820 1089 884 1146 tum
903 1090 1029 1167 propter
1049 1081 1237 1166 exquisitius
1257 1089 1283 1142 et

241 1203 368 1268 minime
394 1199 525 1285 volgare
554 1200 708 1268 erationis
728 1217 829 1284 genus
850 1200 972 1266 animos
996 1197 1155 1266 hominum
1179 1197 1220 1264 ad
1241 1215 1282 1262 me

242 1319 367 1388 dicendi
393 1321 531 1388 novitate
558 1327 783 1386 converteram.
825 1314 1144 1384 mildridam
1171 1317 1281 1382 dicon:
1311 1303 1312 1398 l

242 1438 346 1506 dicam
371 1435 410 1504 de
438 1439 565 1516 coeris,
596 1455 726 1526 quorum
751 1454 843 1503 nomo
871 1445 953 1512 erat,
982 1438 1034 1521 qui
1054 1434 1217 1502 videretur
1237 1453 1282 1500 es·

224 1551 387 1643 ¹quisitiuu
408 1574 501 1642 quam
527 1553 640 1639 volgus
667 1553 825 1623 homiuum
853 1553 1011 1622 studuisse
1032 1553 1149 1632 literis,
1178 1553 1282 1640 quibus

240 1674 313 1744 fons
340 1673 500 1762 perlectae
528 1672 728 1760 eloquentiae
754 1674 944 1752 continetur3
973 1692 1082 1752 nemo,
1110 1675 1164 1760 qui
1189 1671 1283 1760 philo·

239 1791 383 1880 sophiam
404 1791 583 1879 complexus
604 1801 690 1858 esset
714 1801 845 1860 matrem
866 1793 1002 1858 omnium
1028 1791 1109 1858 bene
1136 1791 1284 1860 sactorum
1311 1829 1312 1852 r

239 1910 382 1998 beneque
410 1911 579 1980 dictorum:
610 1929 719 1990 nemo,
747 1911 800 1996 qui
828 1911 877 1976 ius
906 1909 999 1978 oirile
1030 1909 1197 1976 didicisset
1224 1929 1283 1976 ren

239 2029 283 2097 ad
312 2032 453 2118 privatas
484 2048 599 2098 causas
632 2039 662 2094 et
690 2028 730 2096 ad
758 2031 894 2096 oratoris
921 2027 1121 2116 prudentiam,
1145 2047 1284 2096 maxume

239 2149 475 2227 neeessariam
506 2167 615 2226 nemo,
648 2148 701 2234 qui
732 2147 915 2214 memoriam
944 2165 1048 2218 rorum
1075 2145 1286 2214 Romanorum

240 2276 375 2345 tereret,
403 2285 444 2334 ex
464 2285 543 2352 qua,
574 2267 603 2332 si
625 2264 749 2350 quaudo
771 2284 850 2352 opus
871 2274 969 2341 esset,
999 2263 1039 2330 ab
1065 2265 1181 2332 inseris
1202 2266 1285 2334 locu-

239 2383 439 2470 pletissumos
458 2385 548 2453 testis
570 2385 738 2462 excitaret3
760 2403 867 2461 nemo,
889 2384 940 2468 qui
959 2381 1097 2450 breviter
1114 2383 1285 2470 arfgutepue

239 2500 362 2570 inoluso
385 2501 569 2570 aduersario
588 2501 712 2571 laxaret
727 2501 862 2570 iudicum
879 2502 1003 2567 animos
1018 2510 1113 2587 atque
1129 2521 1150 2568 a
1170 2505 1285 2570 severi-

239 2629 302 2688 tate
323 2620 484 2710 paulisper
505 2620 546 2688 od
570 2620 760 2689 hilaritatem
784 2620 942 2706 risumque
966 2619 1160 2701 traducerem
1188 2643 1284 2700 nemo,

301 2857 349 2902 ³21.
376 2857 409 2912 [et
425 2858 451 2900 trs
469 2856 506 2900 lte
524 2878 549 2889 ·-
567 2857 647 2912 eante]
670 2857 720 2902 eloe
739 2859 815 2909 rnatu
835 2859 953 2914 praeterea
970 2856 1000 2899 tis
1017 2868 1058 2914 pro
1077 2856 1122 2902 dis.
1140 2881 1168 2890 -
1190 2859 1283 2914 populi]

376 2927 485 2982 populari.

307 3113 367 3168 321.
401 3113 556 3181 maxume]
581 3112 620 3166 sio
642 3111 694 3182 Lg.
713 3110 739 3166 8.
758 3111 800 3168 51.
818 3111 861 3167 68.
888 3109 998 3167 011-
1024 3111 1104 3183 qood
1128 3116 1208 3189 erat]
1233 3132 1285 3170 om.

237 3197 307 3256 Nor.
324 3229 359 3238 -
388 3204 418 3252 et
436 3201 468 3252 to
486 3196 533 3254 lois
549 3227 584 3237 -
601 3197 700 3264 annis]
718 3191 766 3251 lois
789 3195 833 3250 hic
848 3197 901 3252 soli
918 3196 969 3267 Lg.
989 3196 1031 3252 56.
1057 3197 1111 3252 Gu.
1131 3199 1154 3252 l.
1185 3201 1228 3254 ed.
1247 3219 1286 3271 pr.

238 3285 331 3340 Ceteri
350 3283 397 3337 iia.
435 3283 492 3336 Sed
514 3300 613 3340 maneo
640 3283 667 3334 io
685 3281 734 3334 illa
754 3283 903 3347 sententia,
929 3291 957 3336 ut
977 3281 1083 3336 inanem
1103 3283 1178 3338 hanc
1196 3305 1285 3340 rouro·

238 3373 338 3438 λογίαν
360 3385 377 3421 a
395 3368 530 3423 Cicerone
545 3365 685 3439 ,proficisci
705 3367 827 3436 potuisse
849 3383 905 3421 non
923 3367 1039 3422 credam.
1075 3367 1286 3424 Distinetionem

238 3454 325 3522 illam,
343 3470 396 3524 qua
408 3453 507 3518 ascita,
526 3469 586 3506 curn
599 3451 664 3506 olim
680 3458 715 3505 ret
729 3450 823 3508 moira
839 3455 979 3506 omittam
992 3457 1171 3526 παρενθέτως
1187 3455 1286 3510 scribe-

237 3546 347 3602 rentur,
366 3537 458 3592 omnia
474 3554 543 3592 sona
560 3537 649 3592 uideri
667 3537 824 3608 pronuntiat
844 3536 991 3610 Meyerus,
1017 3537 1116 3594 dudum
1135 3557 1190 3612 ego
1210 3557 1288 3611 prae*

238 3637 373 3692 ceperam.
385 3649 422 3662 ·-
447 3628 476 3675 et
487 3625 616 3696 praetor
629 3621 761 3696 primus]
776 3628 810 3676 tet
819 3639 853 3695 p.
867 3641 892 3677 r.
902 3626 1025 3695 primus
1039 3623 1081 3677 ed.
1095 3641 1137 3696 pr.
1162 3633 1286 3697 praetor

239 3711 269 3758 et
281 3709 400 3776 primus
416 3703 512 3760 hamb.
531 3736 565 3746 —
586 3707 701 3780 populi]
719 3714 760 3763 est
777 3706 903 3762 Lambini
920 3709 1094 3774 coniectura3
1113 3709 1178 3763 lilrri
1190 3727 1287 3784 pepe·

240 3789 307 3844 lari.
344 3785 465 3844 Orellius
480 3791 586 3866 populi
602 3791 747 3856 Romani,
774 3791 847 3861 qood
864 3794 989 3864 gravius,
1016 3809 1096 3864 quam
1119 3811 1172 3863 pro
1190 3805 1286 3849 nature

239 3873 369 3946 colloquii
386 3874 531 3932 famniliaris.
550 3907 586 3918 ·-
611 3877 744 3948 palpare]
761 3877 801 3932 sio
819 3875 868 3948 ug.
884 3877 909 3932 8.
924 3877 965 3932 35.
978 3878 1020 3932 51.
1038 3877 1081 3933 53.
1097 3877 1141 3934 58.
1159 3879 1203 3936 68.
1227 3877 1284 3934 Ota

238 3961 372 4036 reiparte
390 3959 431 4016 70.
466 3959 565 4018 Eidem
582 3971 610 4018 et
626 3961 692 4018 Vel.
710 3953 814 4016 Vensi.
831 3962 854 4034 ἕ.
867 3961 927 4017 322.
943 3962 1057 4034 volpes.

306 4063 366 4119 322
401 4065 554 4134 mammone]
571 4064 610 4119 sic
627 4061 678 4134 lig.
693 4064 719 4118 8.
736 4063 779 4120 51.
794 4064 839 4128 68.
864 4061 920 4120 Ort.
941 4095 975 4104 -ψ
1000 4063 1129 4133 incluso]
1149 4063 1285 4121 eomluso

238 4147 289 4221 ug.
307 4149 350 4206 35.
366 4179 400 4192 ··-
427 4147 470 4205 ad
492 4149 688 4218 communem]
713 4149 755 4206 ael
777 4167 831 4206 orn.
854 4149 904 4220 hg.
923 4149 947 4206 8.
970 4149 1013 4207 20.
1035 4149 1071 4208 ³5
1088 4150 1152 4208 add.
1176 4151 1218 4206 39.
1243 4151 1285 4204 51.
