2646 4772
393 404 745 476 ruuuooucrro.
792 494 797 502 ‚
843 373 846 378 ’
941 442 948 456 ·
992 407 1091 481 aaa

60 579 130 642 inter
144 576 232 644 vivos
249 578 433 645 nominatur.
466 576 588 646 Deinde
607 579 702 645 etiam
714 574 838 654 Brutus,
857 593 926 642 cum
943 575 1092 662 dialogus

58 679 248 759 scriberetur,
274 701 372 770 nuper
392 702 431 748 en
452 682 534 750 Asia
555 682 668 750 dicitur
689 685 722 749 in
748 680 855 748 urbem
876 678 1030 760 rediisse3
1059 682 1092 748 id

58 795 148 852 autem
176 805 285 852 mense
306 784 489 874 Septembre
516 808 545 855 a.
568 787 631 856 707
660 789 776 856 lactum
797 805 870 854 esse
892 795 1032 855 constat:
1061 808 1092 855 v.

57 887 140 956 lleur.
163 889 317 958 Olintonis
341 889 453 960 Fastos
475 893 508 958 in
528 891 589 960 boc
611 911 704 959 anno.
738 890 838 958 Paulo
858 901 930 979 post
951 889 992 957 ad
1012 889 1093 958 Bru-

57 1004 109 1060 tum
138 1005 211 1063 tunc
246 998 279 1062 iu
308 994 416 1064 Gallie
445 1006 623 1064 versantem
649 1006 680 1064 et
711 998 780 1084 ipso
809 994 932 1083 melem
959 1006 1092 1082 rogante

56 1095 211 1167 Oratorem
231 1103 374 1190 scripsit:
396 1122 425 1168 v.
449 1099 503 1168 Or.
526 1103 563 1181 7,
584 1102 637 1167 23.
669 1100 709 1168 cf.
733 1099 863 1180 10335.
897 1097 928 1166 ls
949 1085 1032 1168 enim
1053 1121 1092 1168 co

56 1208 160 1272 missus
184 1216 234 1273 est
256 1225 277 1272 a
298 1203 438 1274 Caesare
461 1206 501 1274 ad
522 1205 640 1273 bellum
660 1209 695 1272 in
709 1204 822 1272 Africa
843 1214 952 1272 contra
969 1202 1093 1293 Scipio-

55 1327 116 1374 nem
142 1320 173 1377 et
199 1329 306 1396 regem
327 1307 436 1378 Iubam
457 1311 627 1397 gerendum
653 1311 830 1398 profecturo
853 1329 882 1376 a.
905 1309 968 1377 708
988 1311 1091 1378 initio:

54 1432 79 1478 v.
104 1411 169 1481 Oic.
191 1411 316 1484 Diuers.
339 1413 390 1480 vt.
413 1416 448 1496 6,
467 1417 519 1482 20.
555 1414 645 1484 Tune
666 1435 719 1483 res
741 1414 867 1504 publica
887 1415 920 1479 in
941 1423 1093 1502 potestate

54 1513 198 1586 Caesaris
214 1530 297 1600 erat,
314 1520 433 1590 iudicia
450 1519 547 1600 nulla,
565 1521 727 1588 senatoria
745 1519 915 1586 auctoritas
930 1521 1093 1599 exstincta,

50 1623 175 1709 populus
199 1624 372 1692 serviebat:
394 1624 473 1692 nibil
494 1627 589 1712 igitur
609 1625 779 1712 reliquum,
801 1625 834 1690 in
851 1643 912 1710 quo
929 1621 1094 1696 Ciceronis

50 1727 205 1812 ingenium
235 1729 524 1815 exsplendesceret,
558 1731 812 1814 necquicquam
845 1731 1024 1814 excogitare
1052 1730 1094 1796 ad

50 1835 182 1900 animum
211 1834 376 1902 solandum
403 1842 540 1922 poterat,
567 1850 658 1918 quam
689 1841 722 1898 ut
750 1832 783 1896 in
809 1829 919 1898 literas
941 1851 1014 1900 sese
1036 1831 1093 1900 ab·

48 1938 212 2006 sconderet
231 1938 384 2026 librisque
405 1935 582 2006 scribendis
601 1935 691 2002 daret
714 1953 851 2020 operam.
883 1932 963 2003 Hinc
980 1935 1094 2006 Brutus
1179 1989 1184 2000 .

47 2050 125 2108 totus
160 2045 258 2110 animi
291 2045 403 2110 maesti
435 2053 465 2109 et
498 2042 545 2108 rei
574 2038 720 2129 publicae
748 2036 840 2104 clade
870 2041 970 2104 saucii
1000 2043 1094 2126 signa

45 2146 215 2214 manifesta
238 2167 315 2237 prae
341 2168 377 2215 se
405 2148 479 2225 lert,
507 2145 564 2213 sed
590 2143 731 2211 eiusdem
756 2141 864 2226 magui
893 2151 924 2209 et
950 2145 1094 2213 virtutum

45 2269 173 2318 suarum
195 2255 323 2339 egregie
346 2253 502 2320 memoris.

126 2354 321 2424 Elaboratus
340 2368 370 2425 et
388 2359 472 2426 omni
490 2375 593 2424 rerum
609 2365 640 2424 et
657 2356 823 2426 verborum
842 2355 1007 2442 diligentia
1023 2379 1094 2448 per-

42 2457 143 2528 lectus
167 2461 314 2544 dialogus
340 2457 452 2526 haberi
474 2481 539 2529 non
559 2471 661 2550 potest
684 2481 784 2550 eaque
805 2483 840 2529 re
863 2461 989 2530 multum
1011 2464 1095 2531 cedit

41 2557 135 2628 libris
171 2562 211 2629 de
239 2559 371 2632 Oratore
405 2576 435 2632 et
465 2566 504 2633 de
534 2564 749 2655 Republica,
785 2566 959 2655 inquibus
989 2571 1095 2638 omnia

40 2667 181 2734 rotunda
208 2669 502 2736 etabsolutissima
529 2691 606 2737 cura
625 2673 766 2758 perfecta
789 2682 869 2738 suut.
912 2670 991 2740 Sunt
1012 2676 1096 2740 enirn

40 2768 105 2838 loci
137 2772 229 2838 multi
255 2784 410 2840 structura
438 2773 599 2840 incondita
626 2784 658 2839 et
682 2776 877 2861 abruptiore‚
904 2775 971 2840 alia
991 2779 1095 2862 magis

40 2887 200 2945 acervata
229 2895 321 2964 quam
348 2879 473 2943 curiose
502 2876 672 2943 secundum
700 2877 840 2944 ordinem
869 2877 1037 2964 disposita,
1063 2892 1096 2949 ut

37 2979 156 3049 limam
191 2990 223 3046 et
249 2983 337 3066 quasi
370 2989 539 3047 extremam
571 2998 696 3045 manum
728 2981 815 3067 operi
850 2979 1005 3047 admotam
1032 3001 1096 3049 non

36 3105 114 3152 esse
140 3081 314 3168 intelligas.
343 3081 466 3170 Tamen
484 3085 602 3169 insigni
619 3083 864 3170 quadamlaude
883 3082 967 3150 liber
980 3084 1097 3152 nobili-

34 3199 125 3256 tatur
157 3205 218 3253 nec
248 3187 306 3253 ulli
332 3188 529 3273 dialogorum
556 3186 841 3276 philosophicorum
868 3189 1010 3276 propria,
1039 3191 1097 3256 sed

35 3313 111 3360 cum
148 3291 288 3377 dialogis
321 3293 359 3359 de
388 3289 520 3360 Oratore
554 3302 586 3360 et
616 3291 655 3359 de
680 3290 728 3358 Re
755 3291 882 3380 publica
914 3296 1094 3361 communis.

34 3396 89 3464 llli
111 3397 201 3478 enim
217 3397 255 3462 de
273 3395 473 3484 philosophia
492 3395 613 3483 dialogi
628 3399 674 3464 ita
690 3398 820 3464 instituti
838 3406 922 3476 sunt,
944 3407 977 3464 ut
994 3397 1095 3465 bomi-

33 3521 114 3569 num
134 3501 379 3588 colloquentium
396 3502 572 3569 nominibus
591 3511 622 3568 et
638 3501 730 3567 dietis
745 3503 911 3586 perpaucis
930 3501 1096 3570 subtractis
1146 3574 1148 3579 ,
1244 3571 1250 3582 ,

33 3617 147 3674 utrum
166 3605 355 3692 colloquium
373 3624 415 3672 an
431 3609 608 3672 continuam
624 3623 728 3669 rerum
745 3603 985 3692 disputationem
1004 3606 1097 3693 legas

33 3714 175 3779 minime
197 3712 331 3774 animum
353 3709 508 3776 advertas.
552 3706 665 3774 Cicero
686 3709 794 3793 igitur,
816 3711 845 3775 si
866 3708 969 3777 forma
990 3729 1098 3779 eorum

33 3813 202 3880 librorum
216 3809 377 3878 Platonem
400 3813 572 3907 exprimere
589 3809 703 3890 uoluit,
722 3813 775 3878 vix
792 3814 957 3900 quicquam
974 3823 1099 3900 praeter

34 3927 212 3985 externam
235 3918 372 4003 speciem
393 3925 423 3981 et
443 3916 535 4002 quasi
558 3924 658 3980 cutem
681 3919 749 3981 sine
770 3918 876 3982 neruis
898 3915 1097 3997 &sauguine
1239 3993 1241 4002 Ι

35 4027 239 4088 consecutus
265 4029 323 4085 est.
366 4015 402 4083 ln
421 4017 518 4085 bruto
541 4027 642 4084 autem
663 4027 694 4084 et
716 4020 768 4105 qui
791 4017 864 4084 lruic
885 4015 1006 4082 similes
1028 4026 1099 4082 sunt

35 4124 211 4208 dialogis,
239 4124 298 4190 etsi
320 4123 456 4190 diuinum
483 4121 571 4188 illum
593 4120 708 4190 Graeci
729 4121 863 4188 bominis
885 4121 1025 4209 spiritum
1046 4139 1098 4187 re-

34 4237 255 4327 praesentare
271 4247 333 4294 non
350 4227 455 4314 potuit,
473 4245 568 4295 ausus
583 4236 687 4294 tamen
706 4225 810 4293 estad
828 4224 913 4292 illius
925 4224 1098 4314 exemplum
