2646 4772
176 409 290 485 ,300
577 401 845 473 CICERONIS

186 586 378 652 senatorem,
409 584 442 640 nt
468 575 705 663 imperatorem,
731 586 764 641 nt
791 575 892 640 uirum
913 572 1046 660 denique
1072 592 1144 640 cum
1162 593 1235 662 pru-

187 695 293 760 dentia
320 705 350 760 et
372 691 537 778 diligentia
561 704 625 760 tum
648 695 733 761 omni
752 695 864 760 uirtute
890 692 1095 758 excellentem
1116 692 1235 779 prob03

187 816 346 882 orationes
380 822 482 878 autem
514 815 582 878 eius
614 823 647 878 ut
678 811 745 878 illis
778 809 968 898 temporibus
985 801 1091 876 'valde
1122 809 1233 875 laudo:

185 931 365 1016 significant
384 932 465 995 enim
490 929 622 996 sormam
645 930 800 1016 quandam
830 931 955 1014 ingeni,
983 928 1042 994 sed
1068 927 1235 994 admodum

185 1049 356 1137 impolitam
384 1058 414 1116 et
441 1047 535 1135 plane
567 1048 684 1114 rudem.
728 1045 876 1133 Origines
898 1067 974 1114 vero
997 1065 1066 1113 cnm
1089 1045 1234 1112 omnibus

185 1169 332 1234 oratoriis
353 1166 500 1233 laudibus
527 1167 661 1234 refertas
684 1166 807 1234 diceres
838 1176 869 1232 et
891 1162 1040 1232 Catonem
1067 1183 1137 1231 cum
1161 1162 1234 1228 Phi-

184 1285 258 1352 listo
276 1295 307 1352 et
325 1283 509 1370 Thucydide
528 1305 744 1372 comparares,
761 1283 899 1351 Brutone
917 1293 947 1350 te
966 1283 999 1349 id
1016 1281 1175 1349 censebas
1193 1301 1234 1348 an

184 1403 260 1469 mibi
280 1403 500 1490 probaturuml
532 1403 620 1482 Quos
643 1405 725 1470 enim
746 1423 786 1469 ne
811 1399 981 1468 eGraceis
1003 1400 1129 1489 quidem
1148 1401 1234 1487 quis-

185 1541 277 1608 quam
294 1523 407 1586 imitari
422 1531 533 1608 potest,
549 1521 599 1586 his
614 1531 647 1586 tu
663 1539 828 1608 comparas
845 1519 1001 1586 hominem
1017 1517 1232 1584 Tusculanum

183 1659 247 1706 non
264 1639 335 1704 dnm
357 1639 564 1724 suspicantem
582 1638 675 1726 quale
692 1633 777 1705 esset
795 1639 923 1726 copiose
931 1647 970 1703 ·et
988 1645 1097 1704 ornate
1115 1636 1230 1702 dicere.

148 1773 151 1778 ·
267 1753 445 1822 LXXXVI.
473 1756 546 1823 295.
576 1755 710 1823 Galbam
731 1755 855 1822 laudas.
899 1752 936 1820 Si
955 1765 989 1821 ut
1008 1753 1095 1821 illius
1118 1757 1230 1822 aetatis

182 1878 371 1970 principem,
403 1876 575 1940 assentior:
605 1878 652 1941 sio
681 1877 763 1942 enim
794 1876 987 1961 accepimus:
1017 1875 1068 1938 sin
1096 1884 1130 1939 ut
1159 1893 1231 1940 ora-

181 2004 297 2072 torem,
324 1993 417 2071 cedo,
445 2013 579 2079 quaeso,
607 1993 767 2060 orationes
788 1995 874 2075 (sunt
894 1993 990 2074 eninr)
1019 2001 1049 2058 et
1071 1991 1123 2058 dic
1139 1991 1230 2070 hunc,

97 2089 108 2112 ⁰
184 2105 275 2198 quem
300 2122 333 2178 tu
350 2111 420 2198 plus
444 2131 536 2198 quam
562 2121 593 2177 te
617 2131 721 2190 amas,
747 2109 875 2177 Brutum
895 2109 978 2178 velle
999 2119 1030 2176 te
1059 2109 1117 2176 illo
1137 2109 1230 2176 modo

183 2229 297 2296 dicere.
340 2229 462 2296 Probas
484 2229 597 2318 Lepidi
630 2232 801 2298 crationes.
843 2228 974 2295 Paulum
1003 2226 1055 2294 hio
1083 2227 1142 2293 tibi
1178 2247 1230 2294 as·

183 2351 315 2424 sentior,
337 2347 430 2413 modo
446 2350 492 2414 ita
507 2347 633 2427 laudes,
655 2359 688 2414 ut
704 2351 865 2435 antiquas:
889 2347 972 2434 quod
993 2349 1067 2412 item
1086 2346 1126 2412 de
1143 2345 1230 2412 Afri-

183 2485 281 2543 cano,
306 2464 344 2530 de
366 2461 495 2544 Laelio,
526 2469 613 2534 cuius
635 2477 668 2532 tu
690 2469 831 2534 oratione
852 2483 954 2550 negas
974 2463 1042 2530 lieri
1064 2467 1231 2551 quicquam

182 2602 279 2672 posse
302 2581 440 2648 dulcius:
466 2559 559 2650 addis
591 2587 701 2667 etiam,
728 2587 838 2653 nescio
860 2583 935 2672 quid
956 2586 1129 2670 augustius.
1172 2603 1230 2650 no-

243 2785 289 2828 294.
303 2749 439 2840 Noratoriis]
454 2789 557 2830 oratoris.
570 2809 597 2820 -
617 2787 665 2844 dis]
678 2789 713 2832 liu.

182 2955 313 3010 ditionale
331 2956 482 3026 praesentis
499 2957 557 3010 vim
575 2957 692 3022 babere,
709 2965 739 3012 ut
756 2966 847 3012 tamen
864 2973 910 3011 res
929 2953 996 3010 ficta
1013 2955 1130 3014 dicatur,
1166 2955 1227 3012 lure

180 3039 302 3094 defendit
318 3040 504 3112 Heusingerus
520 3041 572 3096 bac
589 3043 787 3113 explicatione:
804 3043 870 3098 cide
888 3059 925 3096 aa
938 3043 1045 3114 religio
1059 3041 1147 3096 andis
1165 3049 1227 3097 tam

181 3124 351 3180 adhibendo
360 3131 415 3190 sit,
426 3145 515 3197 qoam
524 3127 695 3183 adhibendo
705 3136 791 3193 esset,
804 3133 833 3184 st
843 3132 1043 3183 testimonium
1052 3129 1224 3184 dicer-ernas.

248 3211 307 3265 294,
344 3217 495 3266 crationes
505 3215 617 3281 aalma]
634 3214 733 3268 iniuria
743 3221 842 3269 autem
850 3221 989 3284 suspectat
998 3211 1129 3269 Orellius.
1156 3214 1226 3268 ldem

180 3304 236 3362 ast,
255 3297 327 3350 acsi
346 3297 465 3352 dicatur:
485 3299 625 3354 orationes
642 3308 730 3354 autem
752 3301 826 3366 eius,
845 3317 904 3354 cum
920 3317 970 3370 pro
987 3299 1159 3370 temporibus
1175 3300 1226 3352 illis

179 3381 262 3435 valde
278 3382 430 3438 laudabiles
442 3383 602 3449 videantur,
620 3385 757 3454 ingenium
771 3395 862 3440 tamen
880 3385 1008 3440 incultum
1023 3401 1057 3437 ac
1070 3385 1138 3438 rude
1149 3385 1226 3456 signi·

178 3463 271 3522 licant,
291 3497 322 3506 -
347 3465 482 3538 formam
495 3469 659 3539 quandum]
677 3471 717 3524 sic
730 3471 779 3542 lag.
792 3489 902 3536 omnes,
919 3468 989 3524 Ven.
1015 3469 1096 3524 Rom.
1115 3471 1159 3524 ed.
1172 3487 1225 3540 pr.;

178 3552 263 3621 vulgo
288 3553 345 3606 inv.
367 3583 403 3593 —
429 3555 541 3625 inperat]
563 3555 603 3608 sic
626 3553 677 3626 Lg.
696 3555 721 3610 8.
739 3557 782 3611 51.
801 3556 842 3610 53.
869 3554 939 3610 Ven.
962 3554 986 3609 1.
1005 3585 1041 3594 —
1071 3555 1225 3622 oratoriis]

180 3635 259 3688 codd.
278 3644 306 3688 et
323 3638 366 3692 ed.
385 3655 426 3706 pr.
446 3644 593 3702 oratoriae
610 3641 661 3694 sed
679 3646 810 3696 oratoris
827 3641 923 3695 laudes
940 3657 995 3693 nou
1013 3649 1128 3710 possunt
1146 3641 1225 3694 tribui

180 3719 377 3774 orationibus.
405 3721 531 3776 Correxit
540 3723 690 3781 Manutius.
699 3758 732 3766 —
752 3726 884 3782 Brutone
895 3727 934 3794 tc]
947 3732 1037 3780 tecm.
1048 3725 1110 3779 edd.
1123 3726 1225 3794 plerae-

180 3821 235 3875 que
256 3813 319 3858 aute
337 3804 512 3873 Lambinum3
531 3816 606 3864 certe
623 3809 693 3866 Nor.
716 3811 787 3866 Vict
810 3811 873 3865 Ald.
893 3841 928 3850 -
954 3809 1001 3864 bin
1019 3811 1062 3877 ta]
1086 3811 1226 3882 vulgetis

180 3897 231 3954 tue
248 3890 315 3946 illud
336 3909 371 3945 ex
389 3891 431 3946 ed.
452 3910 494 3962 pr.
511 3896 617 3964 recepit
634 3895 785 3967 Meyerus,
803 3896 867 3966 quia
883 3898 940 3952 vim
956 3896 1111 3950 sententiae
1128 3894 1224 3959 babet3

179 3985 208 4032 et
231 3978 271 4031 sic
287 3976 359 4032 Ven.
380 3977 403 4032 l.
429 3975 524 4034 Ottob.
548 3979 598 4052 Lg.
615 3991 726 4052 praeter
744 3983 787 4038 20.
808 3982 852 4038 35.
871 4013 906 4022 -
934 3997 994 4036 aon
1012 3981 1094 4048 dum]
1120 3980 1225 4036 divisim

178 4063 229 4136 Lg.
249 4063 274 4117 8.
293 4063 335 4116 53.
353 4063 396 4118 56.
415 4064 456 4118 70.
484 4062 541 4120 oo.
560 4096 595 4105 -
622 4068 722 4137 quale]
741 4087 798 4140 qne
818 4068 870 4123 Gn.
890 4067 912 4121 l.

247 4148 401 4202 LXXXVl.
436 4149 496 4206 295.
533 4155 719 4225 acecpimus]
743 4157 784 4209 sic
806 4154 886 4220 libri;
907 4139 956 4208 ed]
980 4168 1022 4222 pr.
1047 4154 1221 4223 oeetptmos,

180 4239 277 4290 sonna
294 4250 370 4292 muru
386 4234 534 4294 latinitatis.
550 4234 586 4278 -'—
612 4238 694 4309 pund
712 4240 796 4308 itera]
815 4239 894 4310 qood
911 4239 992 4296 idem
1009 4237 1053 4296 ed.
1067 4253 1108 4310 pr.
1126 4235 1221 4309 proba·
