2674 4776
213 325 315 398 800
535 315 938 388 Ex-Pulcnslouss

214 495 332 578 Meneni
359 491 518 575 explicatio
547 501 718 554 remeamus
746 493 767 554 i.
789 508 816 555 e.
845 499 993 554 rmesecot
1019 508 1079 555 non
1099 491 1265 566 estleia-cin

109 589 114 604 “
215 604 259 674 et,
282 614 345 659 cunr
366 595 450 658 illam
470 595 668 658 coniecturam
689 595 786 656 menis
805 577 994 658 verbositatis
1014 600 1162 668 arcessat,
1185 593 1264 675 quod

214 705 357 779 sequatur
378 701 430 756 ote
449 705 482 756 ce
503 704 677 774 appareant,
705 695 834 758 fortusse
854 695 942 756 etiarn
963 711 1014 756 eos
1035 695 1164 776 ineptire
1188 695 1263 758 iudi-

215 799 309 874 cabit,
340 797 392 879 qui
419 795 591 878 scripserint
616 815 663 855 res
689 799 733 854 ilc
758 795 920 866 recondito,
947 803 980 854 et
1006 799 1107 874 paucis
1138 797 1178 856 od
1204 815 1264 856 aeut

216 900 312 961 odium
331 906 444 976 puteat,
471 897 520 961 uel
541 896 660 958 similia.
703 895 819 978 Quippe
841 895 962 960 ollandit
984 896 1172 960 manerbum
1194 917 1264 956 ecca

215 999 356 1070 respondi,
380 997 523 1079 quodid,
545 1015 610 1060 cum
632 997 801 1076 ulrugibus
824 981 899 1058 ante
912 997 1108 1086 maturitatem
1125 997 1265 1060 arefactis

215 1100 391 1163 translatum
412 1100 465 1174 sit,
488 1115 603 1180 semper
622 1097 718 1160 soleat
738 1097 776 1160 de
791 1098 853 1162 illis
873 1097 945 1172 dici,
968 1083 1045 1178 puae
1059 1098 1179 1160 inuria
1192 1116 1265 1178 qua-

216 1199 285 1264 dam
306 1209 469 1282 temporum
497 1199 603 1264 allecta
631 1207 682 1262 aut
711 1217 765 1262 usu
789 1207 908 1281 sperato
933 1206 1092 1260 caruerunt
1120 1206 1173 1260 aut
1200 1206 1264 1260 ente

217 1309 331 1386 tempus
354 1302 499 1364 exstincta
514 1307 588 1362 sunt.
625 1300 676 1366 Sic
699 1299 735 1362 de
755 1301 869 1380 ingenii
884 1301 982 1362 fructu
997 1299 1111 1362 Plinius
1133 1300 1265 1382 loquitur

217 1403 294 1486 Epp.
316 1403 351 1469 V.
372 1405 409 1478 9,
432 1402 467 1466 5:
497 1423 552 1480 quo
574 1402 637 1474 sits,
667 1401 776 1483 inquit,
806 1402 964 1462 stadiorum
984 1419 1081 1460 umore
1103 1399 1265 1478 pioprobut!

143 1524 145 1528 ’
219 1512 356 1582 puccium
376 1503 464 1580 lapid!
484 1511 620 1581 quamtum
638 1507 724 1562 etium
744 1502 877 1581 scripsit!
898 1520 970 1581 poue
990 1521 1065 1560 uoco
1086 1506 1185 1562 omnio
1205 1519 1264 1559 com

216 1607 281 1682 ipso
302 1607 363 1664 siue
379 1603 475 1676 feudo
492 1611 643 1662 amenum:
664 1603 776 1684 quippe
794 1620 871 1684 quae
893 1610 996 1666 orator
1017 1601 1056 1664 ad
1074 1619 1108 1664 sc
1131 1601 1264 1664 erudien-

218 1702 286 1766 dum
307 1702 461 1765 meditatus
480 1711 557 1779 erat,
577 1712 767 1784 praematura
786 1711 880 1766 morte
901 1702 939 1765 ud
957 1721 1039 1768 suam
1056 1702 1264 1785 perlectionem

216 1823 277 1867 non
301 1813 452 1868 uenerunt.
497 1805 560 1868 Gic.
589 1803 627 1865 ed
654 1803 720 1870 Diu.
743 1805 806 1870 VII.
830 1807 888 1867 31:
919 1805 997 1864 eides
1029 1807 1178 1864 uomuisse
1208 1808 1263 1862 ium

217 1913 337 1965 celerem
358 1906 555 1966 urbanitatem.
598 1904 650 1966 lx.
675 1907 730 1968 18:
758 1906 884 1980 facultas
905 1909 1056 1976 orutioais,
1086 1909 1144 1964 uisi
1165 1923 1210 1963 oue
1229 1903 1264 1962 od

218 2005 274 2065 dus
290 2011 505 2066 exercitationes
519 2007 690 2078 retulissem,
713 2011 880 2068 edocuisset.
913 2006 1048 2087 Scriptus·
1062 2005 1263 2068 Herennianus

217 2105 269 2170 IV.
287 2107 341 2182 34,
358 2106 418 2170 45:
441 2107 595 2184 aliquando
616 2111 742 2168 relico-es
762 2111 803 2168 rei
824 2107 964 2186 pullione,
987 2125 1058 2186 quoe
1078 2108 1195 2167 molit-iu
1214 2127 1264 2166 co-

218 2215 329 2267 ceatcuo
354 2216 541 2280 emeruerunt,
570 2212 673 2270 nocue
694 2211 872 2286 optimatium
892 2213 1078 2270 reviruerunt.
1109 2207 1168 2270 ‘Ne
1194 2205 1265 2270 illud

219 2306 336 2387 quidem
362 2307 430 2370 loco
450 2309 536 2370 Bruti
564 2309 672 2384 simile,
701 2307 781 2390 quod
806 2308 918 2388 legitur
943 2309 1031 2372 Tusc.
1053 2308 1105 2372 ΠΙ.
1128 2311 1184 2384 31,
1207 2307 1264 2383 75,

219 2409 276 2470 etsi
300 2409 394 2471 uisum
414 2410 522 2472 Petero
549 2411 727 2472 incensans
752 2408 798 2472 ed.
819 2409 991 2473 Orellianae
1018 2411 1049 2472 in
1072 2411 1170 2474 lalunii
1190 2411 1262 2473 Anu.

217 2507 278 2571 vol.
300 2508 381 2570 XXI.
404 2511 433 2572 3.
460 2528 490 2591 p.
511 2513 574 2574 300
596 2510 637 2589 (a.
658 2510 771 2589 1837);
800 2531 872 2600 queue
901 2509 1030 2594 (opiuio)
1059 2520 1120 2571 icoo
1149 2512 1263 2590 desque

218 2627 278 2668 uoo
295 2609 456 2686 appellator
475 2629 585 2684 cescum,
611 2631 674 2670 curu
692 2619 831 2672 odcstute
844 2618 974 2674 'eremit
1018 2612 1170 2693 Sumptum
1192 2612 1264 2674 enim

220 2715 280 2784 est,
307 2726 372 2770 cum
400 2709 437 2772 de
457 2710 579 2791 lugente
600 2712 728 2788 dicatur,
757 2713 794 2773 ab
817 2714 1017 2776 arescentibus
1037 2713 1184 2789 lacrimis,
1214 2729 1266 2774 nec

220 2808 369 2890 significat
397 2829 434 2873 ex
461 2831 517 2874 usn
547 2821 577 2876 et
603 2815 737 2877 manibus
767 2813 915 2875 hominum
944 2813 1103 2890 sublatum,
1135 2813 1198 2876 scd·
1217 2813 1264 2875 de·
1328 2805 1329 2812 ἶ

219 2909 373 2974 suetudine
390 2913 570 2978 exstinctum.
601 2915 737 2990 Accedit,
756 2913 836 2995 quod
853 2913 890 2976 de
907 2915 1089 2978 cretionibus
1107 2934 1265 2975 murmane

219 3009 251 3071 in
271 3012 328 3076 lnoc
349 3014 415 3094 ipso
436 3015 515 3079 libro
538 3015 644 3079 dictum
668 3022 774 3078 exstat.
819 3032 845 3078 c.
868 3019 923 3092 27,
948 3018 1025 3079 106:
1054 3019 1198 3076 madores
1221 3035 1265 3075 ea

219 3112 318 3190 liquit,
335 3133 406 3200 quoq
420 3120 480 3176 ium
497 3127 685 3191 evanuerunt,
705 3123 734 3178 et
751 3115 787 3178 de
805 3125 925 3180 oratore
940 3118 1021 3198 ipso,
1039 3117 1121 3178 cuins
1136 3117 1265 3180 homines

220 3211 307 3276 obliti
332 3222 413 3290 sunt,
440 3217 675 3298 preoccupatus
696 3233 721 3280 c·
741 3219 798 3295 94,
821 3219 897 3282 323ε
926 3238 990 3277 ocus
1009 3221 1069 3277 ium
1089 3237 1180 3296 peace
1201 3237 1265 3277 eoc-
1328 3297 1329 3318 Χ

220 3317 328 3374 comest
346 3320 524 3376 Hortensius.

305 3416 358 3478 83.
400 3417 434 3476 dc
453 3419 551 3478 multis
571 3436 656 3496 qaum
676 3417 762 3496 colas]
788 3419 949 3499 quamlibet
969 3435 1008 3482 cx
1027 3413 1136 3480 uiuitis.
1181 3416 1265 3481 Gom·

220 3523 310 3604 perat
327 3517 468 3598 Meyerus
488 3517 563 3581 illud
586 3519 721 3582 oratoris
743 3521 800 3594 70,
821 3522 898 3583 233:
921 3541 973 3598 ope
992 3540 1071 3580 sume
1091 3517 1125 3578 de
1146 3518 1266 3578 Graccus

221 3617 299 3692 opud
321 3637 448 3708 censores
468 3620 556 3691 illud,
581 3621 691 3702 quippe
712 3621 856 3684 credone.
898 3621 933 3684 ln
953 3614 1039 3699 cuum
1059 3619 1137 3704 culm
1158 3618 1266 3682 errauit

219 3713 368 3780 Matthiae
386 3718 417 3780 in
437 3719 615 3784 Roscianum
638 3723 694 3799 lo,
715 3723 783 3800 47„
804 3741 890 3802 pauno
911 3720 1096 3797 adverbium,
1117 3735 1179 3782 nou
1198 3735 1265 3802 pro-

221 3831 326 3880 uumen
348 3835 413 3884 esse
434 3827 527 3883 ratus.

304 3923 405 3981 cudae
436 3920 603 3998 cohmtotes]
642 3938 738 4002 neque
772 3923 923 3984 choalcec
954 3937 1050 4004 neque
1080 3925 1263 4002 lewcpm,

220 4033 298 4100 puae
324 4023 507 4102 comparauit
524 4020 714 4102 Bernhardy,
740 4039 841 4089 ueram
861 4021 1106 4104 significationem
1130 4031 1264 4106 tangunt3

221 4119 450 4207 comparandum
476 4130 540 4188 crat
564 4128 696 4188 nocuum
716 4125 833 4188 Suebae
853 4144 878 4191 s.
899 4125 1083 4204 Bocduep.
1126 4126 1264 4193 Dicuntur
