2676 4774
203 415 353 500 nnuvn
375 373 673 513 naconanrnu
696 427 799 500 non.
821 431 929 502 nrsr.
1064 435 1097 508 a

54 605 159 670 Martia
188 603 324 668 iaciendo
352 623 440 686 quum
466 603 590 669 diceudo
622 603 761 667 intentior
777 601 829 684 (ὅ)
861 603 949 668 roella
976 605 1094 670 omnim

55 709 153 770 artium
174 713 203 769 et
215 707 369 769 literarum
385 706 531 787 principia
546 705 650 768 babuit
666 705 805 788 cultuque
820 707 960 788 politiore
976 707 1094 770 nunno

55 809 153 882 caruit,
175 807 268 870 donec
291 808 414 870 subacta
432 807 521 870 ltalia
537 814 582 870 est
598 815 627 868 et
644 807 824 870 Graecorum
846 808 965 871 inuenta
987 808 1093 872 aniris

52 909 168 972 literatis
189 909 313 972 Romana
338 908 455 991 perlata
475 908 606 971 homines
632 907 803 986 ingeniosos
827 907 958 972 discendi
980 907 1094 988 cupidi-

53 1017 106 1072 tate
121 1009 322 1092 impleverunt.
355 1011 476 1074 Fuerint
498 1017 565 1072 ante
586 1007 697 1070 bellun
712 1009 903 1072 Tarentinum
920 1008 1095 1072 commercia

53 1112 187 1192 quaedam
208 1113 409 1176 Romanorum
430 1118 459 1172 et
481 1111 676 1184 Graecornnr,
699 1111 750 1190 qui
771 1111 915 1189 Magnam
938 1109 1094 1174 Graeciam

52 1213 193 1288 colebaut;
215 1213 306 1276 fuerit
320 1213 433 1276 Rornae
455 1211 559 1274 notitia
581 1219 610 1273 et
627 1211 751 1274 inritatio
775 1229 896 1292 operum
913 1212 1094 1275 Graecorum

51 1315 77 1374 iu
101 1321 162 1376 arte
193 1314 324 1393 fingendi
350 1311 567 1396 pingendiqne:
599 1329 659 1376 uon
692 1312 835 1376 elicietur
866 1314 933 1375 binc
961 1313 1093 1376 Graecas

50 1416 142 1478 literas
164 1416 302 1494 cognitas
324 1423 374 1476 aut
394 1421 506 1477 amatas
522 1413 615 1476 fusse
629 1410 688 1492 (⁷).
732 1413 776 1476 Ne
798 1413 876 1478 Lirii
897 1413 1014 1496 quislenn
1029 1414 1092 1476 An-

50 1516 153 1580 dronici
173 1515 285 1580 Naevii
304 1516 393 1580 Ennii
419 1515 556 1596 exempla
581 1514 620 1578 uc
647 1515 795 1580 Romanus
818 1517 998 1580 Graecarum
1023 1514 1091 1578 lite-

49 1635 138 1680 rarun
166 1625 259 1697 gustu
290 1615 417 1697 quonlam
443 1615 615 1680 imbuendos
644 1616 717 1678 satis
744 1616 918 1680 valuerunt:
948 1613 1092 1680 accedere

48 1721 167 1800 oportnsit
181 1719 312 1781 omnium
331 1717 528 1780 institutorum
544 1717 726 1798 privatorum
747 1717 897 1798 morisque
913 1717 1004 1798 patrii
1024 1717 1092 1797 ipsa

49 1837 95 1882 sua
120 1827 269 1884 nemstate
300 1819 412 1880 sacrati
442 1819 638 1880 mutationem.
689 1818 786 1882 Tanta
816 1827 860 1882 cst
892 1819 969 1880 euim
999 1817 1091 1883 moris

48 1921 162 1984 bomani
179 1920 348 2001 Graecique
370 1919 583 2002 discrepantia,
604 1926 637 1982 ut
659 1918 798 2000 quiequid
820 1937 858 1982 eu
873 1919 928 1982 illo
950 1917 989 1980 al
1004 1917 1090 1980 buius

48 2023 257 2086 similitudinem
277 2021 487 2084 informaretur
512 2021 543 2081 iu
564 2021 649 2100 peius
671 2019 798 2082 caleret.
841 2019 907 2084 Non
933 2025 1091 2100 potueruut

48 2103 445 2202 igiturliouraniliterarnm
466 2119 593 2182 studium
616 2120 772 2183 aGraeois
795 2137 923 2194 sunere,
944 2119 1002 2180 uisi
1025 2135 1089 2180 curn

47 2223 107 2286 labe
126 2233 259 2288 veterum
275 2224 481 2285 institutorum.
513 2221 552 2284 Et
573 2219 707 2300 prolecto
724 2221 819 2284 noluit
836 2220 963 2290 diuinum
975 2235 1090 2294 numen,

48 2315 102 2387 curu
114 2343 210 2405 genus
225 2327 381 2386 humanum
396 2342 451 2406 per
466 2319 632 2384 seculorum
647 2321 800 2384 decursum
818 2321 1008 2386 admirabilia
1025 2319 1090 2382 cul·

48 2433 87 2488 tus
106 2429 287 2490 incrementa
308 2426 433 2507 ceperit,
455 2440 551 2504 neque
573 2430 675 2502 gentes
693 2442 792 2496 omnes
815 2425 846 2486 in
861 2423 995 2486 omnibus
1008 2440 1088 2502 ¹pro·

48 2526 125 2592 icere
147 2537 177 2592 et
199 2528 276 2590 alias
299 2526 367 2588 aliis
390 2525 642 2588 succrescentibus
664 2523 708 2586 de·
721 2526 844 2606 lastigie
866 2541 921 2588 suo
943 2523 1040 2586 deiici.

525 2690 551 2774 q.
575 2696 603 2754 3.

83 2811 177 2866 Prinna
194 2817 273 2863 aetas
290 2808 465 2878 eloquentiae
482 2806 632 2860 Romanae.
668 2805 835 2876 Eloquentia
852 2807 1042 2860 deliberativo.

120 2937 257 2996 Aetatem
281 2935 406 3008 primam
433 2929 620 3007 eloquentiae
641 2927 794 2990 Romanae
822 2928 861 2989 acl
882 2929 967 2990 finem
994 2945 1089 3006 usqne

44 3033 108 3097 belli
140 3033 248 3096 Punici
279 3029 400 3090 secundi
430 3026 649 3108 producendam
681 3027 898 3102 existimamus3
937 3028 1088 3088 scandum

44 3133 189 3197 aGatcne
211 3127 250 3190 ad
268 3129 416 3192 Gracchos
435 3145 594 3208 eorumque
614 3127 757 3208 aequales
774 3129 922 3208 pertinere
937 3134 1087 3208 putamust

44 3238 151 3293 eniam
184 3246 358 3308 magnorum
385 3235 535 3292 oratorum
559 3229 594 3294 L.
624 3228 727 3294 Crassi
759 3237 797 3292 et.
811 3224 857 3291 M.
884 3229 1004 3292 Antonii
1037 3233 1089 3292 ant

45 3333 181 3415 aequales
214 3338 265 3394 aut
293 3330 384 3412 paulu
417 3330 586 3411 superiores
616 3331 770 3412 complecti
795 3331 950 3405 nolumus3
983 3338 1088 3408 quarto

45 3433 75 3510 Q.
96 3433 248 3497 llcrteusii
276 3438 305 3494 ct
325 3433 370 3494 Μ.
393 3430 543 3495 Ciceronis
574 3431 614 3494 ad
642 3431 728 3494 finem
754 3451 847 3513 usque
876 3433 920 3494 rei
948 3431 1088 3513 publicae

45 3534 152 3598 liberae
182 3534 318 3614 pertinet.
370 3533 481 3595 llaruur
513 3534 609 3614 prima
639 3533 696 3594 illa
726 3541 862 3614 tempora
894 3533 1087 3606 continentur,

47 3637 144 3713 quibus
166 3634 241 3712 nibil
259 3634 413 3698 admodum
427 3635 553 3697 Romani
575 3652 613 3695 ex
628 3633 750 3697 Graecis
763 3634 967 3716 prosecernut;
990 3631 1088 3694 altera

48 3735 171 3816 aliquam
195 3735 363 3811 literarum,
389 3735 484 3800 leneas
511 3736 698 3816 eloquentiae
722 3735 853 3798 Graecae
874 3735 1008 3798 notitiem
1031 3733 1087 3794 im·

46 3835 189 3911 biberuut;
215 3837 305 3900 tertia
331 3837 440 3899 cultum
467 3843 496 3898 et
521 3853 631 3898 rnorem
654 3837 774 3900 Graecis
795 3837 934 3898 institutis
961 3835 992 3896 in
1014 3833 1086 3898 oiri-

46 3943 128 4001 tatem
143 3938 328 4000 influentibus
346 3938 557 4020 quadamtenus
572 3944 725 4012 motatum,
748 3937 800 4000 serl
817 3947 896 4000 artes
909 3933 1086 4016 peregrinas

110 4171 139 4238 6)
163 4172 230 4230 Sall.
250 4169 329 4248 Catil.
351 4170 377 4224 8.
397 4169 431 4226 cs.
463 4168 526 4227 Ην.
544 4167 579 4222 Χ.
605 4165 645 4224 19.
668 4167 711 4222 ab.
797 4167 825 4234 7)
847 4164 980 4224 Niebuhr.
998 4165 1031 4221 R.
1050 4164 1083 4222 G.

50 4251 78 4310 ll.
96 4254 166 4312 ntea
182 4251 245 4312 'etsi
262 4256 285 4310 ls
303 4273 320 4309 a
337 4261 431 4310 nostra
449 4253 586 4312 sententia
601 4253 738 4310 abhorret.
