2646 4772
299 427 301 432 ’
341 429 534 501 BRUTUS
563 431 654 502 CAP.
675 433 727 502 77.
749 431 802 502 76.
996 433 1096 510 20⁵

63 601 172 682 omnia,
191 619 271 690 quae
287 601 445 670 clarorum
460 604 598 672 uirorum
620 612 741 681 essent,
761 621 825 670 uon
841 600 996 670 dubitaret
1012 607 1096 672 asei-

62 739 142 788 scere
172 741 272 809 eaque
304 724 389 790 omni
421 722 572 808 dignitato
605 721 767 790 obtineret.
809 717 847 786 L.
880 730 984 788 autem
1012 719 1097 792 Leu-

61 838 134 904 tulus
154 842 232 908 satis
255 839 433 908 eratfortis
456 851 580 920 orator,
608 842 637 908 si
658 839 752 908 modo
773 847 896 906 orator:
927 839 985 906 sed
1006 842 1096 926 eogi-

61 957 138 1022 taudi
152 979 217 1025 uon
237 957 361 1026 ferebat
381 957 541 1037 laborem;
560 977 623 1026 vox
640 976 759 1026 eauora
774 956 873 1024 verba
888 975 951 1026 nou
966 956 1097 1026 horrido

61 1093 144 1154 sane,
169 1086 203 1142 nt
227 1076 323 1163 plena
348 1087 434 1144 esset
455 1079 551 1144 ammi
573 1085 604 1142 et
625 1077 754 1144 terreris
777 1077 896 1142 oratio:
925 1092 1096 1162 quaereres

60 1192 89 1258 iu
110 1193 234 1260 iudiciis
259 1195 396 1262 fortasse
418 1194 545 1272 melius,
570 1195 603 1260 in
624 1194 807 1282 republica
829 1193 1001 1282 quoderat
1022 1213 1095 1262 esse

59 1309 206 1378 iudicares
224 1314 313 1380 satis.
343 1313 418 1380 766.
440 1311 487 1380 Ne
507 1311 545 1378 T.
564 1313 688 1400 quidem
703 1312 879 1380 Postumius
896 1323 1096 1381 contemnen-

59 1426 109 1494 dus
129 1431 162 1496 iu
182 1429 334 1516 dicendo,
361 1432 400 1499 de
422 1451 457 1499 re
478 1430 607 1519 publiea
624 1452 700 1500 vero
717 1451 782 1498 uon
802 1433 904 1498 minus
927 1429 1095 1498 uehemens

58 1556 155 1614 orator
174 1567 272 1636 quam
296 1549 433 1618 bellator
457 1550 530 1618 luit:
559 1550 728 1620 clirenatus
751 1559 784 1617 et
805 1551 1009 1628 acerrimis,
1037 1549 1096 1619 red

56 1661 128 1731 bene
152 1669 234 1734 iuris
254 1666 372 1754 publici
398 1668 489 1755 leges
511 1673 604 1757 atque
624 1671 766 1738 instituta
785 1678 985 1755 cognoverat.
1026 1665 1095 1738 Hoc

57 1779 120 1850 loeo
146 1785 291 1865 Atticus,
315 1785 461 1854 Putarem
489 1797 535 1866 te,
568 1791 682 1876 iuquit,
711 1786 910 1854 ambitiosum
938 1805 1027 1863 esse,
1056 1787 1094 1865 si,

58 1909 86 1966 ut
108 1902 229 1982 dixisti,
260 1905 309 1983 ei,
335 1920 415 1991 quos
441 1908 506 1972 iam
532 1905 585 1972 diu
615 1906 759 1990 colligis,
787 1905 935 1972 moerent
985 1900 1095 1972 Omnis

57 2021 133 2086 enim
153 2040 396 2102 commemoras,
420 2027 474 2110 qui
496 2025 566 2090 ausi
583 2022 754 2110 aliquando
775 2031 847 2088 suut
861 2031 981 2088 stantes
997 2021 1095 2108 loqui,

55 2144 84 2202 ut
101 2138 174 2206 mibi
198 2139 378 2228 imprudens
400 2139 446 2208 M.
469 2138 645 2208 Servilium
659 2141 849 2228 praeterisse
871 2139 1010 2206 videare.
1089 2175 1093 2209 ι

129 2254 305 2324 LXXVlll.
324 2259 397 2326 770.
418 2256 503 2338 Non,
522 2261 664 2344 iuquam,
686 2277 748 2344 ego
764 2258 844 2324 istuc
859 2259 987 2342 ignoro,
1003 2255 1096 2324 Pom·

54 2375 137 2456 poni,
163 2373 278 2442 multoe
304 2376 417 2456 luisse,
435 2378 488 2464 qui
515 2375 645 2445 verbum
667 2395 824 2463 nunquam
845 2377 879 2440 in
898 2373 1022 2462 publico
1047 2374 1096 2448 iae

54 2493 174 2570 cissent,
198 2510 290 2580 quom
306 2494 418 2562 melius
434 2495 595 2582 aliquanto
609 2503 739 2583 possent
754 2511 849 2580 quam
868 2495 922 2560 isti
941 2502 1094 2571 oratores,

54 2627 126 2691 ques
147 2610 284 2696 colligo,
307 2613 428 2682 dicere:
451 2613 509 2682 sed
529 2613 579 2680 his
602 2612 883 2681 commemorandis
899 2614 995 2681 etiam
1015 2611 1096 2683 illud

55 2743 220 2814 assequor,
241 2709 279 2795 ¹ut
304 2730 496 2816 intellegatis
523 2733 656 2819 primum
680 2751 720 2798 ex
747 2733 832 2798 omni
851 2751 981 2798 numero
1001 2750 1095 2816 quam

53 2852 118 2909 nou·
131 2845 222 2912 multi
238 2849 309 2916 ausi
326 2848 389 2914 sint
405 2848 528 2927 dicere,
551 2848 663 2915 deiude
678 2869 718 2916 ex
738 2850 779 2914 iis
800 2849 879 2933 ipsis
896 2865 988 2932 quam
1002 2848 1096 2931 pauci

52 2959 164 3030 luerint
188 2962 283 3028 laude
306 2962 403 3047 digni.
445 2964 519 3032 271.
546 2961 654 3049 ltaque
684 2982 724 3030 ne
746 2962 805 3030 bos
827 2964 952 3048 quidem
974 2966 1095 3050 equites

52 3180 89 3249 ll,
101 3183 145 3238 dd
161 3187 190 3236 et
201 3180 299 3242 dudum
312 3183 443 3240 annotavi
454 3191 519 3240 aule
532 3180 686 3252 Orellium·,
699 3184 772 3245 addo
780 3143 930 3240 *terrorem
941 3181 1095 3238 amborum

50 3282 74 3334 p.
86 3259 170 3322 Foni.
184 3267 224 3323 ll.
238 3267 360 3322 similiter
371 3267 432 3324 diei.
457 3265 530 3326 Olim
547 3269 630 3342 plene
647 3271 863 3343 distinguebatur
880 3276 944 3340 post
956 3266 1094 3322 laborm

115 3365 176 3423 769.
214 3377 284 3422 acer
296 3372 398 3439 nimio]
414 3353 507 3426 nimio
523 3387 575 3426 om.
591 3371 633 3426 ed.
646 3389 687 3444 pr.
707 3355 753 3426 'ur
767 3375 858 3426 nimie
872 3369 922 3425 Gu.
937 3371 960 3424 l.
986 3369 1095 3423 acerri-

52 3468 114 3508 mus
129 3451 182 3524 Lg.
193 3471 296 3510 omnes.
308 3483 345 3497 ·—
362 3455 504 3526 tumidior]
522 3457 562 3511 sic
576 3458 697 3526 (brisim,
708 3465 738 3510 ut
752 3456 913 3527 oportebat,
925 3455 974 3526 Lg.
984 3461 1095 3524 praeter

52 3535 90 3590 70.
106 3538 150 3594 35.
170 3568 202 3578 -
231 3541 340 3608 omnia]
363 3541 404 3594 sic
425 3540 476 3613 Lg.
498 3551 610 3612 praeter
630 3541 691 3607 20,
710 3542 775 3595 item
799 3539 869 3595 Ven.
891 3540 913 3594 l.
940 3539 982 3594 ed.
1000 3556 1041 3610 pr.
1058 3568 1094 3580 —

49 3627 241 3695 praetensae]
257 3627 310 3694 sic,
322 3642 379 3680 nou
388 3631 600 3698 praeteriisse,
618 3625 669 3698 Lg.
681 3641 792 3692 omues,
805 3624 874 3679 Ven.
887 3625 911 3680 l.
931 3621 988 3681 oo.
1008 3624 1058 3681 Gu.
1070 3625 1094 3679 l.

55 3765 58 3774 .
117 3726 270 3784 LXXVlll.
307 3729 368 3786 770
404 3729 503 3800 wem]
518 3729 567 3784 'sic
589 3727 715 3782 distincte
731 3725 829 3798 L.38.
854 3725 897 3782 65.
919 3727 960 3782 51.
984 3727 1027 3784 56.
1052 3726 1094 3782 56.

52 3808 91 3866 66.
109 3813 150 3868 76.
176 3811 245 3868 Ven.
265 3814 289 3868 l.
326 3818 398 3888 quita
420 3815 464 3872 70.
500 3831 590 3888 quum
612 3812 712 3868 39.—
739 3818 774 3866 ui
791 3813 982 3885 intellequiis]
1009 3819 1039 3866 et
1061 3817 1094 3864 at

54 3897 102 3948 ini.
119 3897 169 3952 ed.
187 3915 229 3968 pr.
263 3898 323 3974 Per
346 3918 362 3954 e
377 3900 454 3974 L.g
454 3899 480 3956 6
503 3899 545 3954 70.
553 3898 605 3976 51.
633 3894 745 3956 016-
772 3900 811 3954 iia
833 3900 919 3970 ipsis]
945 3897 993 3952 bis
1019 3898 1094 3968 ipsis

53 3975 101 4048 Lg
117 3982 158 4036 56.
185 3983 229 4037 ed.
246 4001 294 4056 pr.
324 3989 400 4058 ipsis
420 4003 473 4042 om.
492 3984 543 4040 Gu.
564 3984 588 4038 1.

117 4083 176 4138 271
210 4103 247 4146 rte
264 4085 322 4144 boe
335 4089 467 4158 quidem]
484 4101 544 4142 nort
561 4085 615 4142 boa
634 4085 678 4140 ed.
693 4100 734 4155 pr.
770 4081 891 4136 Verbum
909 4081 954 4136 bie
972 4081 1050 4136 deest
1067 4089 1095 4136 et

52 4165 202 4224 addendum
219 4172 274 4225 tale
292 4173 436 4243 quiddam.
451 4172 692 4272 praetereundos
709 4167 847 4224 arbitror.
884 4167 937 4221 Gur
954 4166 998 4221 bic
1015 4167 1096 4238 plura

52 4253 385 4331 excidisseBerubardyo
402 4259 548 4316 videantur
570 4257 679 4330 assequi
694 4273 737 4324 ,ex
753 4255 838 4328 ipsius
856 4254 1021 4325 argumentis
1038 4269 1094 4308 non
