2660 4776
235 386 292 460 10
396 379 863 464 6666666666666166
884 378 987 451 ROM.
1009 381 1118 452 lllS'l'.

233 557 326 622 latum
345 557 480 639 petisset,
510 553 659 637 repulsam
679 572 786 636 passus
807 573 836 618 a.
857 557 918 622 661
938 549 1009 636 (⁶⁵),
1035 553 1080 620 M.
1101 557 1281 620 Herennium

233 659 376 722 1661666
395 655 557 736 ignobilem
572 656 629 717 sibi
644 655 827 718 nobilissimo
844 657 1013 738 praelatum
1027 658 1109 722 vidit.
1139 659 1190 722 Ita
1205 677 1281 722 sum·

234 777 310 820 mum
330 759 533 838 magistratum
555 774 631 820 anno
653 755 765 818 demum
782 758 843 820 663
866 766 1017 822 assecutus
1036 767 1088 822 est.
1124 759 1179 822 Sic
1197 768 1281 822 natus

231 858 378 923 ridebitur
406 875 482 920 anno
503 857 567 919 lere
590 857 668 932 615,
696 865 884 938 quaesturam
905 859 1125 922 administrasse
1148 879 1177 922 a.
1201 861 1279 934 611,

231 961 409 1022 tribunatum
428 977 455 1020 a.
472 957 551 1034 616,
573 957 753 1020 aedilitatem
774 975 838 1023 cum
859 961 903 1024 M.
922 961 1069 1024 Herennio
1092 979 1120 1021 a.
1140 959 1216 1024 653.
1249 960 1279 1022 16

231 1061 380 1124 tribunatu
396 1059 493 1138 legem
509 1059 662 1140 agrariam
675 1059 756 1134 tulit,
778 1059 831 1124 sed
848 1069 967 1124 senatus
984 1061 1110 1125 aduersa
1127 1061 1279 1124 uoluntate

231 1161 436 1225 animaduersa
452 1161 559 1222 abiecit
575 1160 695 1224 leuitate
712 1178 747 1222 eo
765 1161 859 1224 minus
875 1161 1035 1237 laudabili,
1055 1161 1134 1242 qnod
1151 1162 1183 1223 in
1201 1179 1277 1223 com·

230 1261 395 1324 mandanda
414 1261 483 1339 lege
501 1261 592 1322 multa
610 1261 641 1323 iu
658 1261 774 1323 modum
791 1279 892 1324 eorum
909 1262 1062 1337 disseruit,
1084 1263 1137 1342 qui
1150 1263 1277 1343 pessino

233 1363 367 1443 exemplo
388 1361 549 1444 populares
571 1369 683 1424 essent:
711 1362 806 1438 uelut,
829 1363 908 1444 quod
929 1365 1035 1429 Gicero
1057 1363 1193 1438 retinuit,
1220 1381 1277 1424 non

232 1480 297 1526 esse
319 1462 376 1524 duo
398 1463 544 1530 bominum
564 1461 659 1524 millia
682 1463 713 1525 in
735 1464 866 1540 ciuitate,
895 1465 944 1544 qui
968 1482 1030 1528 rem
1049 1462 1226 1540 baberent(
1254 1463 1276 1540 l.

230 1564 265 1627 16
293 1562 445 1626 aedilitate
476 1580 540 1624 cunr
567 1561 680 1624 nullum
710 1582 813 1626 munus
840 1563 993 1641 edidisset,
1027 1581 1092 1626 sese
1124 1563 1305 1631 61666116,

230 1664 391 1744 largitione
419 1681 543 1725 summos
564 1664 692 1726 honores
714 1663 850 1746 adeptum
876 1666 942 1727 iure
963 1664 1079 1746 quidem
1101 1664 1203 1726 116666
1221 1682 1275 1745 po·

228 1767 297 1841 tuit,
330 1765 382 1827 sed
414 1763 568 1829 aduersam
596 1772 695 1827 tamen
721 1765 826 1846 populi
850 1765 1028 1830 uoluntatem
1056 1773 1196 1849 expertus
1224 1772 1276 1827 est.

231 1865 344 1930 Gonsul
359 1866 608 1929 uehementissime
631 1865 803 1929 aduersatus
821 1874 865 1929 est
879 1867 925 1930 M.
935 1867 1021 1932 Lirio
1035 1867 1135 1930 Druso
1157 1867 1273 1928 tribuno

228 1965 260 2029 id
276 1967 391 2046 agenti,
412 1974 444 2029 ut
464 1975 583 2029 senatus
603 1967 703 2029 ascitis
726 1966 842 2048 quidem
859 1969 1006 2049 equitibus
1021 1969 1160 2032 trecentis
1182 1984 1273 2046 auge-

228 2075 323 2143 retur,
352 2067 405 2130 sed
425 2068 535 2130 iudicia
555 2087 616 2130 una
644 2085 709 2130 cum
731 2069 877 2149 equitibus
899 2077 1069 2142 exerceret,
1096 2068 1177 2150 quod
1197 2065 1273 2148 legb

227 2169 375 2234 Seruiliae
402 2169 472 2231 olim
500 2187 560 2230 666
585 2169 721 2250 perlatae
743 2176 944 2250 argumentum
966 2169 1073 2232 fuerat.
1114 2170 1191 2232 11166
1217 2188 1274 2232 666

229 2271 354 2348 exiguas
383 2277 483 2348 partes
508 2269 648 2331 babuisse
669 2269 830 2333 credendus
858 2271 958 2332 estin
985 2271 1074 2333 sociis
1093 2270 1209 2335 Italicis
1237 2269 1272 2332 ad

228 2387 311 2430 arura
330 2367 547 2449 compellendis.
580 2367 642 2429 Nec
663 2371 763 2448 magui
782 2371 963 2446 faciendum,
985 2371 1064 2452 quod
1084 2379 1211 2452 urgente
1230 2371 1271 2434 rei

226 2470 364 2551 publicae
385 2470 573 2544 necessitate,
595 2470 651 2531 boc
674 2477 718 2532 est
740 2471 820 2534 bello
841 2473 975 2535 Marsico
998 2480 1182 2554 erumpente,
1209 2489 1270 2535 cun

225 2571 350 2632 inimicis
378 2570 409 2632 iu
434 2571 563 2650 gratiam
587 2569 701 2632 redisse
723 2570 829 2634 dicitur
843 2568 912 2654 (⁶⁷):
945 2590 999 2636 nec
1024 2573 1269 2655 6616116611·-

226 2689 327 2732 corum
347 2670 490 2734 malorum
510 2671 618 2752 partim
644 2673 682 2733 ab
704 2672 771 2755 ipso
796 2661 988 2738 suscitatorum
1008 2674 1169 2738 remedium
1190 2675 1268 2736 latu·

224 2791 289 2834 rum
310 2779 391 2847 erat,
420 2773 602 2849 miliorum,
624 2773 795 2853 quibuscum
815 2783 989 2839 exercuerat
1011 2774 1096 2850 odia,
1124 2775 1268 2855 potissimi

223 2873 282 2936 iam
309 2874 445 2936 exstincti
466 2881 565 2948 erant,
592 2873 629 2936 L.
652 2873 776 2936 Crassus
806 2885 908 2938 orator
930 2883 958 2938 61
977 2877 1021 2940 M.
1041 2875 1167 2938 Drusus.
1210 2874 1266 2940 Sed

222 2975 335 3054 ingenii
358 2975 485 3056 quadam
511 2973 674 3038 calliditate
703 2983 733 3037 et
756 2979 887 3040 versutia
915 2977 1054 3040 iudicium
1082 2977 1153 3056 lege
1177 2977 1266 3042 Varia

222 3081 292 3138 tnnc
312 3077 454 3138 acerrime
476 3076 637 3138 exercitum
656 3077 781 3139 intactus
804 3077 922 3158 effugit,
950 3095 1008 3160 quo
1029 3078 1113 3140 multi
1136 3079 1264 3140 insontes

137 3167 142 3184 ⁸
222 3179 358 3258 oppressi
379 3185 459 3252 sunt,
481 3193 536 3238 nec
556 3175 680 3238 tumultu
697 3176 829 3242 6166666
848 3197 904 3260 pro
926 3197 959 3242 re
979 3179 1101 3260 publica
1119 3179 1264 3240 dimicarit

222 3285 251 3340 et
270 3279 419 3341 Marianis
439 3277 585 3341 ciuitatem
604 3279 768 3341 tenentibus
790 3297 945 3343 censuram
966 3281 1023 3342 sibi
1045 3297 1109 3342 cnm
1129 3280 1175 3343 M.
1193 3281 1262 3344 Per-

219 3395 315 3455 perna
336 3377 470 3440 mardari
490 3395 596 3458 passus
618 3379 692 3440 nibil
712 3380 744 3440 in
766 3397 801 3442 eo
824 3383 999 3460 magistratu
1020 3381 1082 3460 egit
1101 3382 1181 3444 bano
1202 3381 1262 3442 cire

220 3486 272 3540 ant
291 3480 356 3543 uiro
382 3479 454 3543 forti
475 3478 602 3558 dignum.
646 3479 721 3542 Nan
748 3489 776 3542 et
797 3482 970 3546 auunculum
992 3501 1075 3544 suum
1094 3484 1151 3564 Ap.
1174 3480 1260 3546 Glau-

90 3615 99 3655 5
219 3579 312 3655 dium,
342 3581 420 3662 quod
439 3582 465 3642 is
487 3579 619 3646 Sullanis
641 3582 774 3662 partibus
795 3583 898 3647 fauere
918 3583 1081 3660 uideretur,
1108 3583 1139 3646 16
1161 3590 1260 3645 senatu

219 3679 347 3758 legendo
375 3683 529 3761 praeteriit
550 3677 602 3761 (⁶⁹)
636 3689 665 3743 et
691 3684 854 3760 consensit,
885 3693 918 3748 ut
944 3685 1076 3748 libertini
1105 3686 1138 3746 in
1163 3700 1259 3748 omnes

219 3781 348 3882 6616666
376 3789 405 3844 61
423 3775 554 3862 'triginta
575 3782 669 3846 tribus
691 3783 903 3863 diuiderentar3
930 3787 1002 3868 quin
1025 3787 1189 3870 principem
1211 3803 1257 3850 se-

224 3928 432 3940 ——ntn-u-

286 4027 332 4096 65)
350 4027 405 4084 cic.
420 4029 500 4088 Brut.
511 4031 562 4098 16,
578 4031 636 4087 166.
655 4047 682 4102 p.
696 4029 816 4090 Murena
832 4033 933 4101 1616.
1005 4033 1068 4102 ,66)
1087 4031 1142 4090 cte.
1155 4029 1208 4088 06.
1223 4028 1254 4082 ll.

216 4111 260 4175 21,
269 4111 312 4169 73.
346 4111 435 4170 Paulo
448 4116 566 4172 timidius
576 4115 675 4171 Glcero
683 4115 737 4172 boc
745 4119 982 4192 adaequaticaem
990 4117 1256 4190 bonorumspectare

216 4195 290 4250 dicit.
375 4198 421 4268 67)
440 4199 495 4256 (lle.
513 4199 549 4255 16
565 4216 646 4272 prov.
664 4218 735 4260 coss.
750 4201 776 4258 9.
863 4205 909 4273 66)
930 4205 986 4263 (lic.
1001 4222 1029 4278 p.
1048 4205 1129 4262 dorca
1146 4203 1187 4263 :32
