2646 4772
225 379 312 454 oio
615 377 877 447 CICERONIS

224 551 284 620 lroc
309 548 456 628 studium,
479 546 589 628 Brute,
610 561 750 617 nostrum
771 549 917 616 continuit
934 547 1035 616 subito
1056 557 1087 614 et
1103 548 1259 616 obmutuit:

225 689 294 737 cum
319 667 392 754 lege
420 666 570 755 Pompeia
595 669 693 734 ternis
719 666 807 734 horis
836 666 877 732 ad
906 667 1070 734 dicendum
1100 667 1200 746 datis,
1226 666 1261 733 ad

224 806 340 854 causas
361 783 547 853 simillumae
568 787 650 852 inter
671 805 706 852 se
728 784 780 852 vel
804 787 906 872 potius
923 785 1051 852 easdem
1071 787 1146 852 novi
1162 787 1261 852 venie-

223 905 334 972 bamus
363 903 487 971 cotidie.
537 903 649 991 quibus
678 902 802 990 quidem
832 907 938 970 causis
965 906 1136 980 taedam,
1164 899 1261 977 Brute,

222 1033 348 1112 praesto
371 1023 471 1101 luisti,
500 1021 729 1110 complurisque
748 1033 783 1088 'et
807 1021 970 1088 nobiscnm
992 1031 1023 1088 et
1043 1021 1133 1089 solus
1156 1023 1260 1106 egisti:

222 1152 255 1208 ut
281 1145 334 1228 qui
359 1143 523 1208 nonsatis
546 1140 599 1207 din
618 1145 731 1207 vixerit
751 1137 936 1206 Hortensius
963 1150 1069 1206 tamen
1095 1139 1179 1206 hunc
1201 1159 1262 1206 cur-

222 1280 291 1328 sum
320 1259 500 1327 coniecerit.
544 1258 646 1326 Annis
676 1268 747 1325 ante
771 1257 879 1326 decem
901 1277 1017 1326 causas
1040 1279 1137 1344 agere
1159 1259 1262 1344 coepit,

223 1389 369 1467 quantu
391 1397 426 1444 es
447 1387 555 1458 natus3
577 1376 660 1443 idem
680 1385 790 1463 quarto
815 1387 845 1443 et
870 1379 1071 1463 sexagesimo
1094 1396 1179 1443 anno
1200 1395 1261 1462 pen

221 1499 331 1586 paucis
354 1505 425 1562 ante
448 1506 578 1562 mortem
599 1474 710 1562 diebus
732 1515 795 1561 una
818 1505 920 1562 tecum
942 1515 1085 1562 socerum
1107 1505 1195 1562 tuum
1215 1493 1262 1558 de-

222 1615 321 1682 iendit
339 1613 482 1702 Appium.
514 1610 648 1680 Dicendi
668 1623 772 1681 autem
793 1633 893 1698 genus
915 1613 998 1700 quod
1019 1614 1113 1680 fuerit
1135 1615 1169 1678 in
1186 1624 1263 1678 utro-

222 1753 281 1821 que
304 1734 463 1800 orationes
484 1733 644 1818 utriusque
666 1734 761 1798 etiam
781 1734 916 1820 posteris
937 1734 1054 1799 nostris
1077 1731 1261 1798 indicabunt.

304 1847 401 1915 XCV.
423 1849 496 1916 325.
519 1847 601 1930 Sed3
623 1852 652 1916 si
674 1853 852 1937 quaerimus
875 1871 931 1917 cor
952 1851 1141 1918 adolescens
1168 1850 1263 1933 magis

220 1962 359 2036 floruerit
380 1968 512 2035 dicendo
535 1987 629 2055 quam
650 1971 758 2036 senior
772 1967 974 2048 Hortensius,
994 1989 1111 2036 causas
1130 1969 1264 2056 reperie-

221 2108 289 2155 mus
318 2089 512 2156 verissumas
542 2087 632 2153 duas.
674 2085 810 2152 Primum
829 2087 912 2174 quod
936 2107 1037 2174 genus
1059 2097 1129 2154 erat
1151 2089 1265 2154 oratio-

219 2209 271 2273 nis
292 2206 484 2283 Asiaticum,
509 2205 744 2273 adolescentiae
765 2207 868 2291 magis
891 2203 1077 2273 concessum
1101 2225 1198 2293 quam
1220 2225 1265 2270 se·

220 2327 344 2391 nectuti.
378 2321 504 2390 Genera
525 2333 627 2391 autem
643 2323 807 2391 Asiaticae
824 2323 969 2418 dictionis
988 2325 1049 2392 duo
1066 2335 1154 2391 sunt:
1179 2341 1265 2389 onon

221 2444 441 2509 sententiosum
463 2452 493 2509 et
516 2453 675 2528 argutum,
705 2444 867 2510 sententiis
891 2453 1040 2509 nontam
1062 2442 1265 2528 gravibuset
1308 2519 1309 2544 ᾖ

221 2563 342 2628 severis
375 2581 466 2647 quam
499 2563 661 2628 concinnis
697 2571 727 2627 et
751 2561 907 2640 venustis3
941 2560 1044 2647 qualis
1076 2563 1109 2626 in
1136 2561 1267 2627 historia

222 2677 388 2758 Timaeus,
417 2681 450 2746 in
471 2679 604 2747 Hoendo
631 2681 869 2767 autempueris
886 2677 979 2745 nobis
1000 2676 1170 2747 Hierocles
1193 2679 1265 2746 Ala-

220 2796 377 2878 bandeus,
399 2800 503 2884 magis
525 2800 619 2866 etiam
641 2797 804 2865 Menecles
826 2797 924 2864 irater
944 2800 1013 2866 eius
1035 2798 1109 2865 init:
1138 2817 1265 2886 quorum

219 3018 339 3086 mututt]
359 3019 539 3072 commutati
556 3016 607 3089 Ing.
625 3017 668 3072 20.
686 3019 718 3074 51
733 3034 802 3073 corr.
821 3027 850 3072 ut
865 3018 907 3085 8.,
931 3019 961 3072 in
983 3035 1036 3090 qno
1061 3027 1089 3072 et
1109 3019 1265 3090 quibusdan

218 3101 280 3156 aliis
297 3111 339 3157 est
357 3107 526 3159 ommutuit.
542 3133 577 3144 -
600 3104 704 3173 tenuta]
723 3106 821 3159 tertiis
838 3101 888 3160 Gn.
908 3103 933 3160 l.
953 3135 984 3144 -
1013 3103 1212 3174 simillumae]
1231 3105 1265 3166 sic

218 3184 268 3258 Lg.
281 3186 306 3242 8.
321 3185 363 3240 51.
386 3184 459 3254 Oto,
484 3187 572 3244 eidem
596 3189 714 3243 cotidie.
732 3219 767 3230 -
790 3189 1020 3262 complurisque]
1041 3191 1082 3243 sic
1102 3189 1156 3262 Lg.
1175 3207 1266 3246 omnes

219 3278 329 3340 praeter
346 3270 406 3338 56.,
425 3271 477 3326 Gn.
490 3271 512 3326 l.
531 3272 600 3328 Ven.
613 3273 636 3328 l.
649 3273 672 3326 2.
692 3273 735 3329 ed.
747 3289 788 3342 pr.
801 3303 837 3312 —-
860 3280 907 3337 ut,
926 3273 992 3343 qut]
1010 3279 1046 3329 ut
1063 3293 1118 3330 om.
1134 3275 1189 3332 Gu.
1203 3277 1265 3329 l.—

219 3355 393 3426 coufecertt]
411 3373 481 3411 cum
495 3358 605 3428 feeerit
622 3357 673 3414 Gn.
690 3357 713 3412 l.
725 3387 761 3397 -
785 3358 878 3427 idem]
897 3357 1034 3429 idemque
1052 3361 1095 3415 ed.
1110 3378 1153 3430 pr.
1175 3360 1267 3432 Meye-

218 3457 278 3505 rns;
303 3457 357 3509 quo
376 3440 533 3496 debilitatur
550 3445 640 3497 oratio
662 3441 770 3496 sublata
787 3445 817 3497 vi
834 3441 967 3498 antitheti.
984 3473 1020 3486 ·-
1046 3453 1159 3516 quarto
1180 3449 1220 3516 et]
1242 3452 1267 3498 et

219 3541 272 3578 om.
290 3523 341 3596 lag.
358 3525 383 3580 8.
402 3525 445 3580 35.
464 3525 505 3582 39.
526 3527 568 3583 51.
587 3529 630 3583 53.
650 3528 692 3582 56.
718 3525 788 3582 Ven.
809 3527 875 3583 1.2.
903 3525 961 3584 oo.
990 3528 1042 3584 Gn.
1060 3530 1083 3583 l.
1111 3532 1157 3586 ed.
1179 3551 1222 3604 pr.
1239 3561 1268 3572 -

219 3613 419 3680 aeuupestmo]
444 3617 631 3683 oeuapestmo
654 3629 722 3666 umo
745 3611 795 3684 bg.
812 3612 913 3669 8eorr.
933 3620 962 3668 nt
980 3615 1040 3681 51.;
1065 3615 1130 3670 hinc
1152 3617 1268 3673 fortasse

217 3691 389 3747 scribendum
409 3711 460 3763 per
477 3713 506 3750 u.

287 3775 371 3834 XCV.
406 3778 466 3832 825.
501 3782 693 3849 emeramus]
718 3783 758 3864 pic
780 3781 830 3854 Lg.
858 3783 882 3837 8.
906 3783 949 3838 51.
967 3783 1010 3839 53.
1028 3783 1071 3840 68.
1099 3803 1152 3839 om.
1172 3787 1217 3842 20.
1239 3815 1268 3828 -

213 3863 364 3935 primum]
378 3868 511 3937 primam
531 3866 601 3918 coni.
612 3865 679 3920 Ero.
695 3867 832 3922 inutiliter.
846 3897 882 3908 —
908 3875 937 3921 et
950 3873 1079 3934 seueris,
1098 3887 1196 3941 pamm
1206 3887 1267 3928 coo-

218 3949 326 4017 einaia]
346 3957 376 4004 et
392 3954 421 4006 si
437 3968 459 4004 s.
478 3953 537 4005 etat
554 3954 633 4004 ueris
650 3968 805 4022 nummum
823 3970 848 4007 c.
872 3954 908 4007 ed
924 3971 966 4024 pr.
989 3953 1040 4023 Lg.
1057 3954 1085 4010 8.
1102 3955 1147 4011 35.
1167 3956 1212 4014 39.
1232 3958 1266 4010 51.
1305 3965 1306 3988 ¹

217 4031 259 4088 56.
273 4051 345 4089 corr.
364 4052 422 4090 oon
434 4051 604 4106 nunquam,
618 4035 660 4090 58.
683 4035 746 4092 Vct.
770 4037 841 4094 Ven.
856 4037 880 4092 1.
910 4042 1070 4095 erraveris
1083 4058 1179 4112 quam
1192 4059 1266 4098 conc.

218 4117 260 4171 53.
276 4117 317 4173 88.
334 4117 376 4174 70.
411 4119 516 4174 Verum
530 4127 572 4174 est
589 4120 617 4173 in
632 4137 754 4176 meorum
770 4124 837 4177 solis
852 4122 904 4196 Lg.
916 4123 975 4190 28,
994 4125 1064 4180 alias
1081 4144 1172 4199 saepe
1191 4130 1268 4183 inter·

219 4201 328 4269 polato,
356 4210 385 4258 et
407 4200 465 4259 Oti.
500 4203 577 4266 diam
603 4221 638 4258 ex
659 4203 713 4262 Gu.
731 4209 755 4263 l.
781 4207 847 4264 niiril
874 4211 1003 4275 enotavi,
1037 4211 1090 4266 sed
1114 4219 1188 4284 puto
1209 4229 1267 4267 eon·
