2640 4780
231 357 330 432 2⁰4
576 361 581 368 '
623 353 886 424 CICERONIS

226 545 357 618 norun,
389 543 470 614 quos
498 526 533 592 iu
560 523 681 614 Sulpici
714 535 817 594 aetate
847 526 956 614 posui,
988 542 1150 592 numerum
1182 525 1274 594 facilc

231 653 434 734 perueneram
460 653 492 710 et
513 663 588 712 suos
609 647 691 711 iuter
712 644 856 732 aequalis
877 642 924 710 M.
944 642 1093 712 Pisonem
1114 643 1161 709 M.
1184 642 1276 710 Gras-

231 783 302 831 sum
332 761 389 842 Gn.
411 760 577 829 Lentulum
602 761 637 828 P.
659 761 825 830 Lentulum
847 759 962 830 Suram
988 762 1083 847 louge
1110 765 1277 849 praestitit;

232 890 265 948 et
296 902 346 948 me
374 880 607 948 adolescentem
632 891 744 948 nactus
771 891 841 948 octo
870 883 962 947 anuis
989 883 1157 959 minorem,
1191 900 1277 966 mam

234 1009 304 1090 erat
324 1003 408 1086 ipse,
429 999 543 1066 multos
560 1019 660 1066 annos
676 1001 710 1066 in
725 999 829 1065 studio
846 999 988 1064 ciusdem
1005 999 1111 1064 leudis
1128 972 1278 1075 exercuit3

235 1127 268 1183 et
288 1127 390 1184 tecum
412 1117 520 1196 simul,
549 1119 629 1184 sicut
651 1137 712 1203 ego
733 1137 790 1205 pro
812 1117 933 1196 multis,
956 1119 1003 1184 sic
1024 1116 1081 1183 ille
1101 1135 1160 1204 pro
1180 1115 1278 1203 Appio

236 1231 370 1303 Claudio
393 1235 470 1301 dixit
488 1235 583 1322 paulo
606 1245 677 1302 ante
700 1245 839 1304 mortem.

321 1349 420 1418 LXV.
446 1353 520 1418 231.
550 1352 647 1421 Vides
674 1355 784 1440 igitur,
799 1363 846 1420 ut
868 1351 960 1418 adte
982 1360 1154 1428 craterem,
1178 1346 1278 1424 Brute,

234 1471 469 1554 pervenerimus
495 1481 559 1536 tam
585 1471 690 1538 multis
717 1474 800 1536 inter
827 1479 967 1537 nostrum
994 1479 1140 1556 tuumque
1162 1469 1277 1534 initium

211 1645 214 1648 .
238 1585 363 1654 dicendi
380 1589 571 1675 interpositis
589 1589 784 1656 oratoribus:
806 1587 990 1674 exquibus,
1011 1581 1159 1673 quomam
1175 1588 1209 1650 in
1223 1583 1278 1650 hcc

237 1724 382 1772 sermone
403 1716 511 1774 nostro
534 1709 628 1772 statui
648 1708 804 1772 nemiuem
826 1725 951 1782 corum,
978 1706 1029 1790 qui
1051 1707 1205 1780 viverent,
1227 1721 1280 1766 no·

237 1824 376 1901 minure,
404 1843 446 1890 nc
471 1843 530 1892 vos
556 1826 712 1891 curiosius
732 1823 893 1890 eliceretis
915 1843 955 1888 ex
975 1841 1024 1887 me
1050 1819 1180 1907 quidde
1205 1838 1280 1904 quo-

238 1959 299 2026 que
321 1940 511 2021 iudicarem,
532 1962 589 2008 eos
611 1945 665 2028 qui
686 1945 750 2008 iam
772 1950 843 2006 sunt
864 1941 976 2006 monui
991 1937 1169 2006 nominabo.
1202 1935 1281 2001 Tum

236 2053 368 2137 Brutus,
395 2057 468 2126 Non
495 2069 559 2138 est,
586 2061 703 2146 inquit,
730 2061 794 2125 ista
819 2078 935 2136 causa,
962 2077 1055 2144 mam
1084 2057 1165 2122 dicis
1191 2073 1280 2140 quan

238 2173 279 2241 ob
302 2195 368 2242 rem
390 2177 428 2242 de
451 2179 513 2254 cis,
540 2180 593 2264 qui
613 2180 733 2256 uiuunt,
756 2175 836 2242 nibil
856 2176 938 2243 uelis
960 2177 1075 2242 dicere.
1121 2171 1302 2252 Quaenam.

236 2291 349 2374 igitur,
376 2294 518 2379 inquam,
546 2300 618 2388 esti
657 2293 769 2360 Vereri
791 2305 839 2372 te,
862 2297 979 2380 inquit,
1000 2293 1138 2359 arbitror
1162 2310 1202 2356 ne
1229 2307 1280 2376 per

238 2427 299 2473 nos
326 2407 377 2474 bic
401 2405 510 2478 'sermo
538 2421 609 2477 tuus
632 2421 755 2477 emanet
776 2397 808 2476 et
834 2411 933 2480 iitibi
955 2419 1178 2487 succenseant,
1208 2424 1278 2494 qnos

236 2521 449 2610 praeterieris.
492 2527 594 2608 Quint
622 2549 697 2607 vos,
728 2531 870 2614 inquam,
896 2539 1002 2596 tacere
1032 2547 1096 2592 non
1123 2525 1278 2613 poteritist

237 2637 305 2708 Nos
336 2645 477 2730 quidem,
509 2647 624 2731 inquit,
638 2655 640 2660 “
655 2645 830 2712 facillume:
863 2645 920 2712 scd
951 2655 1057 2711 tamen
1087 2653 1118 2709 tc
1153 2643 1280 2708 arbitror

237 2760 334 2853 malle
356 2741 457 2850 ipsum
477 2771 584 2830 tacere
606 2783 699 2850 quam
719 2766 960 2830 taciturnitatem
979 2772 1121 2828 nostram
1142 2761 1277 2848 experiri.

237 2879 311 2944 232.
340 2878 421 2946 Tum
442 2901 522 2966 ego,
549 2879 632 2948 Vere
653 2881 726 2960 tibi,
756 2884 900 2968 inquam,
929 2879 1040 2959 Brute,
1064 2880 1175 2945 dicam.
1217 2875 1279 2942 Non

236 3013 288 3061 me
316 2999 493 3073 existimavi
523 3000 555 3066 in
580 2997 640 3066 hoc
668 3019 812 3066 sermone
841 3017 940 3088 usque
971 2997 1124 3076 adhunc
1152 3005 1277 3063 aetatem

238 3212 304 3275 item
323 3214 394 3275 Ven.
412 3218 436 3272 l.
464 3219 528 3272 Vat.
554 3217 604 3274 Gu.
625 3219 648 3274 l.
672 3247 708 3262 »-
741 3217 870 3292 Sulpiot]
896 3219 935 3274 sic
958 3217 1010 3289 Lg.
1037 3224 1151 3288 praeter
1173 3215 1215 3270 20.
1234 3213 1278 3277 56,

144 3299 147 3308 '
237 3299 303 3358 item
327 3300 397 3356 Ven.
416 3305 492 3358 1.-
520 3304 667 3374 aequalis]
693 3303 742 3381 Lg.
770 3314 882 3376 praeter
898 3303 941 3358 35.
971 3302 1042 3358 Veu.
1062 3303 1086 3357 1.
1110 3330 1147 3340 —
1177 3298 1277 3364 studio]

238 3385 339 3460 stadie
354 3386 519 3456 Lambinus,
537 3389 657 3443 deRivii
674 3391 846 3456 coniectura,
865 3405 944 3468 quam
961 3387 1146 3442 recentiorum
1164 3385 1278 3456 plerique

238 3479 394 3542 sequnntur.
430 3472 510 3526 Male
526 3473 626 3531 sectum
642 3483 782 3544 putamus:
800 3492 828 3529 v.
842 3473 948 3544 Explic.
968 3473 1033 3528 adl.
1052 3473 1088 3526 dc
1100 3471 1153 3529 Or.
1168 3473 1217 3538 33,
1230 3471 1278 3533 itt,

308 3570 395 3628 bxv.
430 3572 490 3628 231.
528 3573 684 3642 eliceretis]
703 3575 852 3646 eliqeretu's
870 3572 919 3644 Lg.
938 3582 1049 3643 praeter
1062 3574 1105 3632 20.
1121 3574 1165 3629 53.
1181 3575 1223 3630 68.
1236 3572 1277 3636 70,

239 3650 312 3712 Van,
330 3654 443 3711 l.·Vat.
470 3655 522 3715 Gn.
538 3659 561 3712 l.
578 3686 613 3702 —
641 3659 679 3712 de
698 3663 741 3714 eis
760 3661 822 3730 qut]
842 3659 880 3712 de
898 3657 946 3718 ltin
966 3663 1017 3728 poi
1037 3659 1079 3713 ed.
1098 3676 1139 3730 pr.
1159 3691 1193 3699 -
1219 3658 1278 3712 etti

240 3735 307 3804 aba]
326 3743 356 3790 et
371 3744 404 3792 ut
419 3737 476 3794 titt
493 3741 536 3798 ed.
554 3761 596 3814 pr.
627 3750 659 3798 att
676 3746 702 3797 ii
718 3743 773 3798 tibi
789 3743 840 3814 Lg.
857 3743 899 3798 53.
919 3775 950 3784 -
977 3743 1068 3797 malle
1084 3745 1197 3816 ipsuum]
1219 3743 1277 3796 banc

239 3817 351 3875 Ernesti
367 3825 527 3896 scripturam
545 3828 588 3882 etl.
605 3845 663 3898 pr.,
680 3818 742 3882 libri
760 3827 810 3898 Lg.
830 3844 924 3882 omues
941 3837 1052 3898 praeter
1069 3827 1112 3885 30.
1132 3839 1161 3884 et
1177 3827 1276 3882 Veni.

240 3907 431 3978 suppeditant3
451 3909 503 3983 Lg.
521 3911 563 3966 20.
582 3912 673 3966 molle
689 3919 787 3968 tacere
805 3915 911 3984 ipsam.
930 3941 965 3954 -

308 4007 367 4065 232.
404 4013 484 4079 uere]
506 4029 573 4066 cero
593 4011 642 4084 Lg.
660 4013 679 4068 8
696 4031 765 4069 corr.
783 4039 819 4058 e-
844 4013 915 4080 titt,
940 4015 1074 4084 inquam]
1099 4016 1141 4069 sic
1164 4015 1229 4069 Per.
1246 4011 1275 4065 D.

241 4090 293 4147 Gn.
309 4093 332 4147 l.
350 4093 402 4165 Lg.
415 4105 526 4166 praeter
539 4096 581 4151 20.
594 4096 637 4151 53.
652 4097 896 4168 probabatLomb.
914 4098 1024 4170 Meyer.
1038 4131 1070 4140 -
1088 4101 1132 4154 ad
1145 4094 1276 4160 minores]

243 4177 361 4235 ttmorts
380 4177 432 4238 Gn.
452 4182 475 4239 l.
511 4184 637 4240 minoris
661 4183 704 4240 ed.
721 4200 763 4256 pr.
788 4191 816 4238 et
838 4183 889 4258 Lg.
908 4201 1010 4240 omues.
1029 4215 1064 4228 -··
1090 4178 1276 4258 pervenerim]
