<?xml version="1.0" encoding="UTF-8"?>
<!DOCTYPE html PUBLIC "-//W3C//DTD XHTML 1.0 Transitional//EN"
    "http://www.w3.org/TR/xhtml1/DTD/xhtml1-transitional.dtd">
<html xmlns="http://www.w3.org/1999/xhtml" xml:lang="en" lang="en">
 <head>
  <title>
</title>
<meta http-equiv="Content-Type" content="text/html;charset=utf-8" />
  <meta name='ocr-system' content='tesseract 3.04.00' />
  <meta name='ocr-capabilities' content='ocr_page ocr_carea ocr_par ocr_line ocrx_word'/>
</head>
<body>
  <div class='ocr_page' id='page_1' title='image "./brutussivedecla00cicegoog/brutussivedecla00cicegoog_0177.png"; bbox 0 0 2660 4776; ppageno 0'>
   <div class='ocr_carea' id='block_1_1' title="bbox 126 1648 1086 1770">
    <p class='ocr_par' dir='ltr' id='par_1_1' title="bbox 126 1648 1086 1770">
     <span class='ocr_line' id='line_1_1' title="bbox 126 1648 1086 1770; baseline 0.003 -13"><span class='ocrx_word' id='word_1_1' title='bbox 126 1689 200 1760; x_wconf 92' lang='grc'><strong>1.1.</strong></span> <span class='ocrx_word' id='word_1_2' title='bbox 225 1648 339 1770; x_wconf 70' lang='lat' dir='ltr'>(lum</span> <span class='ocrx_word' id='word_1_3' title='bbox 361 1711 379 1762; x_wconf 91' lang='lat' dir='ltr'>e</span> <span class='ocrx_word' id='word_1_4' title='bbox 402 1689 518 1761; x_wconf 81' lang='lat' dir='ltr'>Cilicio</span> <span class='ocrx_word' id='word_1_5' title='bbox 539 1691 695 1762; x_wconf 77' lang='lat' dir='ltr'><strong>decedens</strong></span> <span class='ocrx_word' id='word_1_6' title='bbox 710 1691 854 1762; x_wconf 84' lang='lat' dir='ltr'>Rhodum</span> <span class='ocrx_word' id='word_1_7' title='bbox 874 1693 1033 1761; x_wconf 76' lang='lat' dir='ltr'>venissem</span> <span class='ocrx_word' id='word_1_8' title='bbox 1055 1697 1086 1760; x_wconf 89' lang='lat' dir='ltr'>et</span> 
     </span>
    </p>
   </div>
   <div class='ocr_carea' id='block_1_2' title="bbox 55 1818 1092 2970">
    <p class='ocr_par' dir='ltr' id='par_1_2' title="bbox 55 1818 1092 2970">
     <span class='ocr_line' id='line_1_2' title="bbox 56 1818 1086 1909; baseline 0.007 -28"><span class='ocrx_word' id='word_1_9' title='bbox 56 1833 86 1881; x_wconf 87' lang='lat' dir='ltr'>eo</span> <span class='ocrx_word' id='word_1_10' title='bbox 108 1818 179 1888; x_wconf 87' lang='lat' dir='ltr'>mibi</span> <span class='ocrx_word' id='word_1_11' title='bbox 210 1823 250 1890; x_wconf 84' lang='lat' dir='ltr'>de</span> <span class='ocrx_word' id='word_1_12' title='bbox 279 1821 317 1903; x_wconf 83' lang='lat' dir='ltr'>Q.</span> <span class='ocrx_word' id='word_1_13' title='bbox 339 1819 487 1890; x_wconf 79' lang='lat' dir='ltr'>Hortensi</span> <span class='ocrx_word' id='word_1_14' title='bbox 518 1831 616 1888; x_wconf 88' lang='lat' dir='ltr'>morto</span> <span class='ocrx_word' id='word_1_15' title='bbox 644 1831 730 1888; x_wconf 83' lang='lat' dir='ltr'>esset</span> <span class='ocrx_word' id='word_1_16' title='bbox 762 1819 906 1902; x_wconf 78' lang='lat' dir='ltr'>allatum,</span> <span class='ocrx_word' id='word_1_17' title='bbox 939 1822 1086 1909; x_wconf 88' lang='lat' dir='ltr'>opiuioue</span> 
     </span>
     <span class='ocr_line' id='line_1_3' title="bbox 58 1935 1086 2026; baseline 0.004 -23"><span class='ocrx_word' id='word_1_18' title='bbox 58 1937 174 2006; x_wconf 82' lang='lat' dir='ltr'>eunium</span> <span class='ocrx_word' id='word_1_19' title='bbox 206 1943 361 2009; x_wconf 86' lang='lat' dir='ltr'>maiorem</span> <span class='ocrx_word' id='word_1_20' title='bbox 388 1942 492 2008; x_wconf 86' lang='lat' dir='ltr'>auimo</span> <span class='ocrx_word' id='word_1_21' title='bbox 520 1941 590 2026; x_wconf 88' lang='lat' dir='ltr'>cepi</span> <span class='ocrx_word' id='word_1_22' title='bbox 617 1939 768 2006; x_wconf 85' lang='lat' dir='ltr'>dolorem.</span> <span class='ocrx_word' id='word_1_23' title='bbox 816 1935 897 2006; x_wconf 81' lang='lat' dir='ltr'>Nem</span> <span class='ocrx_word' id='word_1_24' title='bbox 926 1949 957 2006; x_wconf 89' lang='lat' dir='ltr'>et</span> <span class='ocrx_word' id='word_1_25' title='bbox 984 1941 1086 2007; x_wconf 85' lang='lat' dir='ltr'>emico</span> 
     </span>
     <span class='ocr_line' id='line_1_4' title="bbox 57 2056 1089 2148; baseline 0.005 -29"><span class='ocrx_word' id='word_1_26' title='bbox 57 2057 158 2124; x_wconf 83' lang='lat' dir='ltr'>amisso</span> <span class='ocrx_word' id='word_1_27' title='bbox 185 2079 256 2126; x_wconf 89' lang='lat' dir='ltr'>oum</span> <span class='ocrx_word' id='word_1_28' title='bbox 287 2057 512 2148; x_wconf 77' lang='lat' dir='ltr'>consuetudine</span> <span class='ocrx_word' id='word_1_29' title='bbox 527 2056 676 2122; x_wconf 68' lang='lat' dir='ltr'>¹iucunda</span> <span class='ocrx_word' id='word_1_30' title='bbox 695 2065 760 2122; x_wconf 92' lang='lat' dir='ltr'>tum</span> <span class='ocrx_word' id='word_1_31' title='bbox 780 2056 946 2124; x_wconf 83' lang='lat' dir='ltr'>multorum</span> <span class='ocrx_word' id='word_1_32' title='bbox 967 2057 1089 2124; x_wconf 86' lang='lat' dir='ltr'>officio-</span> 
     </span>
     <span class='ocr_line' id='line_1_5' title="bbox 55 2172 1089 2263; baseline 0.004 -26"><span class='ocrx_word' id='word_1_33' title='bbox 55 2186 110 2237; x_wconf 89' lang='lat' dir='ltr'>rum</span> <span class='ocrx_word' id='word_1_34' title='bbox 133 2179 351 2243; x_wconf 86' lang='lat' dir='ltr'>coniunctione</span> <span class='ocrx_word' id='word_1_35' title='bbox 378 2195 428 2241; x_wconf 88' lang='lat' dir='ltr'>me</span> <span class='ocrx_word' id='word_1_36' title='bbox 454 2175 608 2263; x_wconf 82' lang='lat' dir='ltr'>priuatum</span> <span class='ocrx_word' id='word_1_37' title='bbox 627 2172 788 2252; x_wconf 82' lang='lat' dir='ltr'><strong>videbam,</strong></span> <span class='ocrx_word' id='word_1_38' title='bbox 816 2183 847 2240; x_wconf 91' lang='lat' dir='ltr'>et</span> <span class='ocrx_word' id='word_1_39' title='bbox 867 2175 993 2240; x_wconf 84' lang='lat' dir='ltr'>interitu</span> <span class='ocrx_word' id='word_1_40' title='bbox 1013 2174 1089 2242; x_wconf 86' lang='lat' dir='ltr'>talis</span> 
     </span>
     <span class='ocr_line' id='line_1_6' title="bbox 56 2290 1090 2381; baseline 0 -21"><span class='ocrx_word' id='word_1_41' title='bbox 56 2293 168 2373; x_wconf 71' lang='lat' dir='ltr'>auguris</span> <span class='ocrx_word' id='word_1_42' title='bbox 187 2295 372 2380; x_wconf 77' lang='lat' dir='ltr'>(lignitatem</span> <span class='ocrx_word' id='word_1_43' title='bbox 386 2294 487 2360; x_wconf 83' lang='lat' dir='ltr'><strong>nostri</strong></span> <span class='ocrx_word' id='word_1_44' title='bbox 504 2291 622 2376; x_wconf 82' lang='lat' dir='ltr'>collegi</span> <span class='ocrx_word' id='word_1_45' title='bbox 639 2290 826 2358; x_wconf 76' lang='lat' dir='ltr'><strong>deminutam</strong></span> <span class='ocrx_word' id='word_1_46' title='bbox 842 2291 1004 2374; x_wconf 78' lang='lat' dir='ltr'>dolebem3</span> <span class='ocrx_word' id='word_1_47' title='bbox 1026 2311 1090 2381; x_wconf 84' lang='lat' dir='ltr'>quo</span> 
     </span>
     <span class='ocr_line' id='line_1_7' title="bbox 56 2403 1090 2498; baseline 0.008 -28"><span class='ocrx_word' id='word_1_48' title='bbox 56 2403 81 2470; x_wconf 86' lang='lat' dir='ltr'>iu</span> <span class='ocrx_word' id='word_1_49' title='bbox 103 2413 291 2496; x_wconf 77' lang='lat' dir='ltr'>cogitatione</span> <span class='ocrx_word' id='word_1_50' title='bbox 320 2421 350 2478; x_wconf 86' lang='lat' dir='ltr'>et</span> <span class='ocrx_word' id='word_1_51' title='bbox 378 2419 554 2498; x_wconf 87' lang='lat' dir='ltr'>cooptatum</span> <span class='ocrx_word' id='word_1_52' title='bbox 579 2429 629 2476; x_wconf 88' lang='lat' dir='ltr'>me</span> <span class='ocrx_word' id='word_1_53' title='bbox 657 2407 698 2476; x_wconf 87' lang='lat' dir='ltr'>ob</span> <span class='ocrx_word' id='word_1_54' title='bbox 726 2429 765 2478; x_wconf 90' lang='lat' dir='ltr'>eo</span> <span class='ocrx_word' id='word_1_55' title='bbox 786 2411 821 2476; x_wconf 90' lang='lat' dir='ltr'>iu</span> <span class='ocrx_word' id='word_1_56' title='bbox 842 2409 1012 2497; x_wconf 80' lang='lat' dir='ltr'>collegium</span> <span class='ocrx_word' id='word_1_57' title='bbox 1038 2432 1090 2478; x_wconf 85' lang='lat' dir='ltr'>re-</span> 
     </span>
     <span class='ocr_line' id='line_1_8' title="bbox 57 2525 1089 2616; baseline 0.011 -29"><span class='ocrx_word' id='word_1_58' title='bbox 57 2525 210 2610; x_wconf 83' lang='lat' dir='ltr'>cordabar,</span> <span class='ocrx_word' id='word_1_59' title='bbox 238 2532 272 2596; x_wconf 88' lang='lat' dir='ltr'>iu</span> <span class='ocrx_word' id='word_1_60' title='bbox 293 2549 354 2616; x_wconf 84' lang='lat' dir='ltr'>quo</span> <span class='ocrx_word' id='word_1_61' title='bbox 372 2531 492 2595; x_wconf 83' lang='lat' dir='ltr'>iuratus</span> <span class='ocrx_word' id='word_1_62' title='bbox 508 2528 657 2594; x_wconf 86' lang='lat' dir='ltr'>iudicium</span> <span class='ocrx_word' id='word_1_63' title='bbox 673 2527 834 2614; x_wconf 80' lang='lat' dir='ltr'>diguitatis</span> <span class='ocrx_word' id='word_1_64' title='bbox 849 2549 941 2596; x_wconf 82' lang='lat' dir='ltr'>meae</span> <span class='ocrx_word' id='word_1_65' title='bbox 959 2529 1089 2610; x_wconf 82' lang='lat' dir='ltr'>lecerat,</span> 
     </span>
     <span class='ocr_line' id='line_1_9' title="bbox 56 2625 1091 2734; baseline 0.011 -30"><span class='ocrx_word' id='word_1_66' title='bbox 56 2649 80 2706; x_wconf 91' lang='lat' dir='ltr'>et</span> <span class='ocrx_word' id='word_1_67' title='bbox 100 2645 318 2734; x_wconf 80' lang='lat' dir='ltr'>inauguratum</span> <span class='ocrx_word' id='word_1_68' title='bbox 346 2646 387 2714; x_wconf 87' lang='lat' dir='ltr'>eb</span> <span class='ocrx_word' id='word_1_69' title='bbox 414 2646 540 2728; x_wconf 79' lang='lat' dir='ltr'>eodem3</span> <span class='ocrx_word' id='word_1_70' title='bbox 570 2665 609 2712; x_wconf 83' lang='lat' dir='ltr'>ex</span> <span class='ocrx_word' id='word_1_71' title='bbox 630 2625 691 2732; x_wconf 87' lang='lat' dir='ltr'>quo</span> <span class='ocrx_word' id='word_1_72' title='bbox 714 2666 865 2732; x_wconf 81' lang='lat' dir='ltr'>augurum</span> <span class='ocrx_word' id='word_1_73' title='bbox 887 2649 1035 2714; x_wconf 81' lang='lat' dir='ltr'>institutis</span> <span class='ocrx_word' id='word_1_74' title='bbox 1056 2649 1091 2715; x_wconf 89' lang='lat' dir='ltr'>iu</span> 
     </span>
     <span class='ocr_line' id='line_1_10' title="bbox 55 2761 1092 2850; baseline 0.007 -25"><span class='ocrx_word' id='word_1_75' title='bbox 55 2767 178 2843; x_wconf 82' lang='lat' dir='ltr'>parentio</span> <span class='ocrx_word' id='word_1_76' title='bbox 205 2785 278 2833; x_wconf 91' lang='lat' dir='ltr'>eum</span> <span class='ocrx_word' id='word_1_77' title='bbox 302 2765 376 2833; x_wconf 92' lang='lat' dir='ltr'>loco</span> <span class='ocrx_word' id='word_1_78' title='bbox 403 2764 510 2833; x_wconf 86' lang='lat' dir='ltr'>colere</span> <span class='ocrx_word' id='word_1_79' title='bbox 536 2763 700 2831; x_wconf 84' lang='lat' dir='ltr'>debebam.</span> <span class='ocrx_word' id='word_1_80' title='bbox 742 2766 774 2830; x_wconf 85' lang='lat'>2.</span> <span class='ocrx_word' id='word_1_81' title='bbox 800 2761 970 2850; x_wconf 71' lang='lat' dir='ltr'>lugebam</span> <span class='ocrx_word' id='word_1_82' title='bbox 996 2767 1092 2833; x_wconf 82' lang='lat' dir='ltr'>etiem</span> 
     </span>
     <span class='ocr_line' id='line_1_11' title="bbox 56 2879 1092 2970; baseline 0.008 -28"><span class='ocrx_word' id='word_1_83' title='bbox 56 2879 236 2962; x_wconf 82' lang='lat' dir='ltr'>molestiam,</span> <span class='ocrx_word' id='word_1_84' title='bbox 269 2883 353 2970; x_wconf 85' lang='lat' dir='ltr'>quod</span> <span class='ocrx_word' id='word_1_85' title='bbox 383 2900 501 2967; x_wconf 81' lang='lat' dir='ltr'>magua</span> <span class='ocrx_word' id='word_1_86' title='bbox 526 2882 713 2968; x_wconf 80' lang='lat' dir='ltr'>sapientium</span> <span class='ocrx_word' id='word_1_87' title='bbox 738 2883 853 2948; x_wconf 84' lang='lat' dir='ltr'>ciuium</span> <span class='ocrx_word' id='word_1_88' title='bbox 877 2880 1092 2970; x_wconf 82' lang='lat' dir='ltr'>bonorumque</span> 
     </span>
    </p>
   </div>
   <div class='ocr_carea' id='block_1_3' title="bbox 107 3132 453 3260">
    <p class='ocr_par' dir='ltr' id='par_1_3' title="bbox 107 3132 453 3260">
     <span class='ocr_line' id='line_1_12' title="bbox 107 3132 453 3187; baseline -0.009 -10"><span class='ocrx_word' id='word_1_89' title='bbox 107 3136 125 3180; x_wconf 83' lang='lat'>1.</span> <span class='ocrx_word' id='word_1_90' title='bbox 151 3132 302 3187; x_wconf 61' lang='lat' dir='ltr'>deminuunt]</span> <span class='ocrx_word' id='word_1_91' title='bbox 317 3133 453 3175; x_wconf 76' lang='lat' dir='ltr'>diminutum.</span> 
     </span>
     <span class='ocr_line' id='line_1_13' title="bbox 107 3200 397 3260; baseline -0.017 -12"><span class='ocrx_word' id='word_1_92' title='bbox 107 3206 126 3248; x_wconf 77' lang='lat'>2</span> <span class='ocrx_word' id='word_1_93' title='bbox 151 3200 278 3260; x_wconf 61' lang='lat' dir='ltr'>canebam]</span> <span class='ocrx_word' id='word_1_94' title='bbox 291 3203 397 3255; x_wconf 71' lang='lat' dir='ltr'>eoseum.</span> 
     </span>
    </p>
   </div>
   <div class='ocr_carea' id='block_1_4' title="bbox 57 3385 1099 4314">
    <p class='ocr_par' dir='ltr' id='par_1_4' title="bbox 57 3385 1097 4058">
     <span class='ocr_line' id='line_1_14' title="bbox 114 3385 1094 3460; baseline -0.001 -13"><span class='ocrx_word' id='word_1_95' title='bbox 114 3391 135 3449; x_wconf 92' lang='lat' dir='ltr'>l.</span> <span class='ocrx_word' id='word_1_96' title='bbox 172 3394 195 3448; x_wconf 92' lang='lat' dir='ltr'>l.</span> <span class='ocrx_word' id='word_1_97' title='bbox 232 3389 370 3460; x_wconf 80' lang='lat' dir='ltr'>allatum]</span> <span class='ocrx_word' id='word_1_98' title='bbox 387 3387 526 3446; x_wconf 70' lang='lat' dir='ltr'>aetutem</span> <span class='ocrx_word' id='word_1_99' title='bbox 536 3385 606 3442; x_wconf 88' lang='lat' dir='ltr'>Veu.</span> <span class='ocrx_word' id='word_1_100' title='bbox 622 3385 644 3442; x_wconf 92' lang='grc'>1.</span> <span class='ocrx_word' id='word_1_101' title='bbox 668 3385 719 3458; x_wconf 79' lang='lat' dir='ltr'>bg.</span> <span class='ocrx_word' id='word_1_102' title='bbox 733 3385 759 3444; x_wconf 88' lang='grc'>8.</span> <span class='ocrx_word' id='word_1_103' title='bbox 772 3385 814 3442; x_wconf 86' lang='grc'>51.</span> <span class='ocrx_word' id='word_1_104' title='bbox 827 3410 863 3428; x_wconf 84' lang='lat'>-·</span> <span class='ocrx_word' id='word_1_105' title='bbox 881 3385 1037 3459; x_wconf 75' lang='lat' dir='ltr'>Hortensi]</span> <span class='ocrx_word' id='word_1_106' title='bbox 1053 3391 1094 3446; x_wconf 76' lang='lat' dir='ltr'>cic</span> 
     </span>
     <span class='ocr_line' id='line_1_15' title="bbox 57 3471 1094 3550; baseline 0.002 -23"><span class='ocrx_word' id='word_1_107' title='bbox 57 3471 98 3546; x_wconf 79' lang='lat' dir='ltr'>bg.</span> <span class='ocrx_word' id='word_1_108' title='bbox 114 3483 223 3548; x_wconf 81' lang='lat' dir='ltr'>praeter</span> <span class='ocrx_word' id='word_1_109' title='bbox 238 3477 296 3544; x_wconf 62' lang='lat'>20„</span> <span class='ocrx_word' id='word_1_110' title='bbox 313 3475 377 3530; x_wconf 84' lang='lat' dir='ltr'>item</span> <span class='ocrx_word' id='word_1_111' title='bbox 396 3474 467 3550; x_wconf 81' lang='lat' dir='ltr'>Veu.</span> <span class='ocrx_word' id='word_1_112' title='bbox 488 3473 511 3528; x_wconf 91' lang='grc'>1.</span> <span class='ocrx_word' id='word_1_113' title='bbox 538 3471 589 3529; x_wconf 80' lang='lat' dir='ltr'>ou.</span> <span class='ocrx_word' id='word_1_114' title='bbox 610 3471 634 3528; x_wconf 94' lang='grc'>1.</span> <span class='ocrx_word' id='word_1_115' title='bbox 655 3503 686 3514; x_wconf 93' lang='lat'><em>-</em></span> <span class='ocrx_word' id='word_1_116' title='bbox 710 3471 828 3544; x_wconf 71' lang='lat' dir='ltr'>oolleqt]</span> <span class='ocrx_word' id='word_1_117' title='bbox 845 3474 885 3527; x_wconf 80' lang='lat' dir='ltr'>sic</span> <span class='ocrx_word' id='word_1_118' title='bbox 905 3483 952 3529; x_wconf 84' lang='lat' dir='ltr'>eut</span> <span class='ocrx_word' id='word_1_119' title='bbox 969 3475 1094 3548; x_wconf 60' lang='lat' dir='ltr'>conlucet,</span> 
     </span>
     <span class='ocr_line' id='line_1_16' title="bbox 57 3555 1093 3634; baseline 0.006 -22"><span class='ocrx_word' id='word_1_120' title='bbox 57 3563 123 3626; x_wconf 85' lang='lat' dir='ltr'>quod</span> <span class='ocrx_word' id='word_1_121' title='bbox 139 3572 182 3618; x_wconf 87' lang='lat' dir='ltr'>est</span> <span class='ocrx_word' id='word_1_122' title='bbox 199 3563 227 3616; x_wconf 92' lang='lat' dir='ltr'>iu</span> <span class='ocrx_word' id='word_1_123' title='bbox 245 3561 296 3634; x_wconf 83' lang='lat' dir='ltr'>Lg.</span> <span class='ocrx_word' id='word_1_124' title='bbox 313 3561 338 3617; x_wconf 93' lang='grc'>8.</span> <span class='ocrx_word' id='word_1_125' title='bbox 356 3559 416 3627; x_wconf 80' lang='grc'><strong>51.,</strong></span> <span class='ocrx_word' id='word_1_126' title='bbox 437 3567 549 3630; x_wconf 79' lang='lat' dir='ltr'>praeter</span> <span class='ocrx_word' id='word_1_127' title='bbox 565 3555 677 3614; x_wconf 80' lang='lat' dir='ltr'>boo-39.</span> <span class='ocrx_word' id='word_1_128' title='bbox 695 3557 738 3614; x_wconf 85' lang='grc'>53.</span> <span class='ocrx_word' id='word_1_129' title='bbox 756 3557 798 3614; x_wconf 87' lang='grc'>58.</span> <span class='ocrx_word' id='word_1_130' title='bbox 818 3557 860 3614; x_wconf 90' lang='grc'>68.</span> <span class='ocrx_word' id='word_1_131' title='bbox 879 3559 920 3616; x_wconf 91' lang='grc'>70.</span> <span class='ocrx_word' id='word_1_132' title='bbox 948 3577 977 3616; x_wconf 84' lang='lat' dir='ltr'>v.</span> <span class='ocrx_word' id='word_1_133' title='bbox 997 3559 1027 3616; x_wconf 81' lang='lat' dir='ltr'>G.</span> <span class='ocrx_word' id='word_1_134' title='bbox 1047 3561 1093 3619; x_wconf 78' lang='lat' dir='ltr'>Or.</span> 
     </span>
     <span class='ocr_line' id='line_1_17' title="bbox 57 3641 1096 3720; baseline 0.004 -24"><span class='ocrx_word' id='word_1_135' title='bbox 57 3643 88 3696; x_wconf 85' lang='lat' dir='ltr'>ed</span> <span class='ocrx_word' id='word_1_136' title='bbox 104 3646 137 3700; x_wconf 88' lang='lat' dir='ltr'>de</span> <span class='ocrx_word' id='word_1_137' title='bbox 154 3645 205 3704; x_wconf 85' lang='lat' dir='ltr'>Or.</span> <span class='ocrx_word' id='word_1_138' title='bbox 222 3646 242 3703; x_wconf 92' lang='lat'>1.</span> <span class='ocrx_word' id='word_1_139' title='bbox 261 3647 294 3715; x_wconf 80' lang='lat'>9,</span> <span class='ocrx_word' id='word_1_140' title='bbox 312 3647 353 3702; x_wconf 82' lang='lat'>35.</span> <span class='ocrx_word' id='word_1_141' title='bbox 370 3675 405 3688; x_wconf 84' lang='lat'><em>-</em></span> <span class='ocrx_word' id='word_1_142' title='bbox 430 3644 629 3720; x_wconf 73' lang='lat' dir='ltr'>deminutum]</span> <span class='ocrx_word' id='word_1_143' title='bbox 655 3643 696 3697; x_wconf 83' lang='lat' dir='ltr'>sic</span> <span class='ocrx_word' id='word_1_144' title='bbox 712 3641 762 3714; x_wconf 78' lang='lat' dir='ltr'>bg.</span> <span class='ocrx_word' id='word_1_145' title='bbox 782 3641 808 3698; x_wconf 90' lang='grc'>8.</span> <span class='ocrx_word' id='word_1_146' title='bbox 828 3643 870 3698; x_wconf 84' lang='grc'>51.</span> <span class='ocrx_word' id='word_1_147' title='bbox 888 3645 930 3700; x_wconf 85' lang='grc'>53.</span> <span class='ocrx_word' id='word_1_148' title='bbox 946 3644 988 3700; x_wconf 84' lang='grc'>58.</span> <span class='ocrx_word' id='word_1_149' title='bbox 1005 3645 1048 3704; x_wconf 83' lang='grc'>68.</span> <span class='ocrx_word' id='word_1_150' title='bbox 1068 3653 1096 3702; x_wconf 87' lang='lat' dir='ltr'>et</span> 
     </span>
     <span class='ocr_line' id='line_1_18' title="bbox 58 3727 1097 3808; baseline 0.007 -28"><span class='ocrx_word' id='word_1_151' title='bbox 58 3745 154 3786; x_wconf 79' lang='lat' dir='ltr'>occur.</span> <span class='ocrx_word' id='word_1_152' title='bbox 168 3732 212 3788; x_wconf 83' lang='grc'>39.</span> <span class='ocrx_word' id='word_1_153' title='bbox 237 3732 308 3788; x_wconf 87' lang='lat' dir='ltr'>Veu.</span> <span class='ocrx_word' id='word_1_154' title='bbox 325 3731 361 3808; x_wconf 51' lang='lat' dir='ltr'>lq</span> <span class='ocrx_word' id='word_1_155' title='bbox 375 3732 446 3788; x_wconf 81' lang='lat' dir='ltr'>Cett.</span> <span class='ocrx_word' id='word_1_156' title='bbox 462 3731 520 3786; x_wconf 84' lang='lat' dir='ltr'>dt·.</span> <span class='ocrx_word' id='word_1_157' title='bbox 554 3729 613 3784; x_wconf 81' lang='lat' dir='ltr'>Hes</span> <span class='ocrx_word' id='word_1_158' title='bbox 630 3727 733 3783; x_wconf 82' lang='lat' dir='ltr'>formes</span> <span class='ocrx_word' id='word_1_159' title='bbox 746 3728 904 3808; x_wconf 82' lang='lat' dir='ltr'>vldillerre</span> <span class='ocrx_word' id='word_1_160' title='bbox 921 3748 973 3786; x_wconf 87' lang='lat' dir='ltr'>uec</span> <span class='ocrx_word' id='word_1_161' title='bbox 985 3728 1097 3788; x_wconf 82' lang='lat' dir='ltr'>Ouden-</span> 
     </span>
     <span class='ocr_line' id='line_1_19' title="bbox 59 3803 1097 3887; baseline 0.002 -20"><span class='ocrx_word' id='word_1_162' title='bbox 59 3812 148 3884; x_wconf 78' lang='lat' dir='ltr'>turpio</span> <span class='ocrx_word' id='word_1_163' title='bbox 171 3817 256 3872; x_wconf 81' lang='lat' dir='ltr'>credo</span> <span class='ocrx_word' id='word_1_164' title='bbox 271 3803 315 3871; x_wconf 85' lang='lat' dir='ltr'>¹od</span> <span class='ocrx_word' id='word_1_165' title='bbox 333 3817 409 3872; x_wconf 87' lang='lat' dir='ltr'>Soet.</span> <span class='ocrx_word' id='word_1_166' title='bbox 428 3817 510 3873; x_wconf 67' lang='lat' dir='ltr'>(laeu-</span> <span class='ocrx_word' id='word_1_167' title='bbox 526 3815 551 3870; x_wconf 77' lang='lat'>5.</span> <span class='ocrx_word' id='word_1_168' title='bbox 576 3831 630 3869; x_wconf 85' lang='lat' dir='ltr'>uec</span> <span class='ocrx_word' id='word_1_169' title='bbox 647 3811 791 3870; x_wconf 81' lang='lat' dir='ltr'>chsnero</span> <span class='ocrx_word' id='word_1_170' title='bbox 811 3815 861 3870; x_wconf 87' lang='lat' dir='ltr'>ecl.</span> <span class='ocrx_word' id='word_1_171' title='bbox 880 3815 936 3872; x_wconf 79' lang='lat' dir='ltr'>otc.</span> <span class='ocrx_word' id='word_1_172' title='bbox 955 3835 982 3887; x_wconf 90' lang='lat' dir='ltr'>p.</span> <span class='ocrx_word' id='word_1_173' title='bbox 1004 3815 1043 3872; x_wconf 91' lang='grc'>13.</span> <span class='ocrx_word' id='word_1_174' title='bbox 1060 3845 1097 3861; x_wconf 78' lang='lat'>--</span> 
     </span>
     <span class='ocr_line' id='line_1_20' title="bbox 59 3893 1097 3981; baseline 0.005 -32"><span class='ocrx_word' id='word_1_175' title='bbox 59 3897 219 3974; x_wconf 59' lang='lat' dir='ltr'>collectum]</span> <span class='ocrx_word' id='word_1_176' title='bbox 245 3893 409 3975; x_wconf 76' lang='lat' dir='ltr'>conleqlum</span> <span class='ocrx_word' id='word_1_177' title='bbox 430 3901 481 3973; x_wconf 84' lang='lat' dir='ltr'>Lg.</span> <span class='ocrx_word' id='word_1_178' title='bbox 500 3901 525 3956; x_wconf 85' lang='grc'>8.</span> <span class='ocrx_word' id='word_1_179' title='bbox 543 3900 584 3954; x_wconf 87' lang='grc'>51.</span> <span class='ocrx_word' id='word_1_180' title='bbox 602 3929 638 3981; x_wconf 64' lang='lat'>-7</span> <span class='ocrx_word' id='word_1_181' title='bbox 668 3906 701 3956; x_wconf 77' lang='lat' dir='ltr'>in</span> <span class='ocrx_word' id='word_1_182' title='bbox 717 3901 871 3974; x_wconf 80' lang='lat' dir='ltr'>parentio]</span> <span class='ocrx_word' id='word_1_183' title='bbox 894 3918 948 3956; x_wconf 90' lang='lat' dir='ltr'>om.</span> <span class='ocrx_word' id='word_1_184' title='bbox 968 3905 1000 3956; x_wconf 81' lang='lat' dir='ltr'>t&#39;m</span> <span class='ocrx_word' id='word_1_185' title='bbox 1017 3900 1097 3954; x_wconf 81' lang='lat' dir='ltr'>Lom-</span> 
     </span>
     <span class='ocr_line' id='line_1_21' title="bbox 58 3979 819 4058; baseline 0.009 -25"><span class='ocrx_word' id='word_1_186' title='bbox 58 3979 130 4038; x_wconf 85' lang='lat' dir='ltr'>binuu</span> <span class='ocrx_word' id='word_1_187' title='bbox 146 3987 245 4041; x_wconf 61' lang='lat' dir='ltr'>soluo</span> <span class='ocrx_word' id='word_1_188' title='bbox 264 3987 300 4042; x_wconf 87' lang='lat' dir='ltr'>V.</span> <span class='ocrx_word' id='word_1_189' title='bbox 318 3985 466 4058; x_wconf 79' lang='lat' dir='ltr'>Explicott.</span> <span class='ocrx_word' id='word_1_190' title='bbox 485 3986 521 4040; x_wconf 82' lang='lat' dir='ltr'>ad</span> <span class='ocrx_word' id='word_1_191' title='bbox 538 3985 574 4038; x_wconf 86' lang='lat' dir='ltr'>de</span> <span class='ocrx_word' id='word_1_192' title='bbox 592 3981 641 4040; x_wconf 83' lang='lat' dir='ltr'>Or.</span> <span class='ocrx_word' id='word_1_193' title='bbox 660 3985 708 4042; x_wconf 89' lang='grc'><strong>111.</strong></span> <span class='ocrx_word' id='word_1_194' title='bbox 727 3986 759 4052; x_wconf 85' lang='grc'>9,</span> <span class='ocrx_word' id='word_1_195' title='bbox 776 3987 819 4044; x_wconf 89' lang='grc'>33.</span> 
     </span>
    </p>

    <p class='ocr_par' dir='ltr' id='par_1_5' title="bbox 57 4067 1099 4314">
     <span class='ocr_line' id='line_1_22' title="bbox 120 4067 1099 4145; baseline -0.002 -21"><span class='ocrx_word' id='word_1_196' title='bbox 120 4069 144 4126; x_wconf 73' lang='lat'>2.</span> <span class='ocrx_word' id='word_1_197' title='bbox 182 4070 340 4145; x_wconf 76' lang='lat' dir='ltr'>auqebam]</span> <span class='ocrx_word' id='word_1_198' title='bbox 366 4074 406 4129; x_wconf 81' lang='lat' dir='ltr'>sle</span> <span class='ocrx_word' id='word_1_199' title='bbox 424 4070 519 4136; x_wconf 57' lang='lat' dir='ltr'>codd„</span> <span class='ocrx_word' id='word_1_200' title='bbox 541 4077 571 4123; x_wconf 89' lang='lat' dir='ltr'>ut</span> <span class='ocrx_word' id='word_1_201' title='bbox 587 4069 712 4138; x_wconf 83' lang='lat' dir='ltr'>videtur,</span> <span class='ocrx_word' id='word_1_202' title='bbox 735 4087 847 4126; x_wconf 77' lang='lat' dir='ltr'>omues:</span> <span class='ocrx_word' id='word_1_203' title='bbox 871 4077 945 4124; x_wconf 86' lang='lat' dir='ltr'>certe</span> <span class='ocrx_word' id='word_1_204' title='bbox 964 4067 1016 4140; x_wconf 75' lang='lat' dir='ltr'>Lg.</span> <span class='ocrx_word' id='word_1_205' title='bbox 1034 4069 1099 4135; x_wconf 84' lang='lat' dir='ltr'>mel,</span> 
     </span>
     <span class='ocr_line' id='line_1_23' title="bbox 60 4147 1097 4228; baseline 0.001 -22"><span class='ocrx_word' id='word_1_206' title='bbox 60 4149 122 4207; x_wconf 88' lang='lat' dir='ltr'>Veu.</span> <span class='ocrx_word' id='word_1_207' title='bbox 136 4154 168 4212; x_wconf 90' lang='lat'>1.·</span> <span class='ocrx_word' id='word_1_208' title='bbox 186 4147 362 4213; x_wconf 71' lang='lat' dir='ltr'>Vae-&#39;ottob</span> <span class='ocrx_word' id='word_1_209' title='bbox 382 4157 491 4214; x_wconf 53' lang='lat' dir='ltr'>Gnosi.</span> <span class='ocrx_word' id='word_1_210' title='bbox 502 4223 504 4227; x_wconf 67' lang='lat'>,</span> <span class='ocrx_word' id='word_1_211' title='bbox 517 4153 608 4226; x_wconf 81' lang='lat' dir='ltr'>Vulgo</span> <span class='ocrx_word' id='word_1_212' title='bbox 626 4153 762 4227; x_wconf 56' lang='lat' dir='ltr'>acucbat.</span> <span class='ocrx_word' id='word_1_213' title='bbox 784 4186 815 4202; x_wconf 56' lang='grc' dir='ltr'>«ν</span> <span class='ocrx_word' id='word_1_214' title='bbox 834 4153 1028 4228; x_wconf 76' lang='lat' dir='ltr'>sapientium]</span> <span class='ocrx_word' id='word_1_215' title='bbox 1047 4171 1097 4208; x_wconf 79' lang='lat' dir='ltr'>eu-</span> 
     </span>
     <span class='ocr_line' id='line_1_24' title="bbox 57 4237 1098 4314; baseline -0.001 -19"><span class='ocrx_word' id='word_1_216' title='bbox 57 4237 187 4306; x_wconf 70' lang='lat' dir='ltr'>ptumum</span> <span class='ocrx_word' id='word_1_217' title='bbox 204 4241 329 4314; x_wconf 32' lang='lat' dir='ltr'>&#39;ecloum</span> <span class='ocrx_word' id='word_1_218' title='bbox 354 4242 408 4300; x_wconf 87' lang='lat' dir='ltr'>boc</span> <span class='ocrx_word' id='word_1_219' title='bbox 430 4249 458 4298; x_wconf 90' lang='lat' dir='ltr'>et</span> <span class='ocrx_word' id='word_1_220' title='bbox 480 4239 625 4298; x_wconf 79' lang='lat' dir='ltr'>bonorum</span> <span class='ocrx_word' id='word_1_221' title='bbox 648 4241 716 4298; x_wconf 73' lang='lat' dir='ltr'>locis</span> <span class='ocrx_word' id='word_1_222' title='bbox 739 4239 867 4297; x_wconf 83' lang='lat' dir='ltr'>couioudi</span> <span class='ocrx_word' id='word_1_223' title='bbox 891 4240 919 4293; x_wconf 89' lang='lat' dir='ltr'>iu</span> <span class='ocrx_word' id='word_1_224' title='bbox 937 4237 1098 4308; x_wconf 72' lang='lat' dir='ltr'>quibusdem</span> 
     </span>
    </p>
   </div>
   <div class='ocr_carea' id='block_1_5' title="bbox 0 0 1342 4776">
    <p class='ocr_par' dir='ltr' id='par_1_6' title="bbox 0 0 1342 4776">
     <span class='ocr_line' id='line_1_25' title="bbox 0 0 1342 4776; baseline 0 0"><span class='ocrx_word' id='word_1_225' title='bbox 0 0 1342 4776; x_wconf 95' lang='lat' dir='ltr'> </span> 
     </span>
    </p>
   </div>
  </div>
 </body>
</html>
