2640 4780
221 442 223 448 '
324 441 513 514 BRUTUS
543 443 633 514 GAP.
655 445 707 514 07.
728 443 781 514 88.
976 441 1076 516 888

120 609 259 680 LXVIII.
288 614 361 680 230.
390 611 426 682 G.
456 613 568 682 deiude
590 613 665 683 Piso
693 615 843 684 catanus
870 617 902 679 ct
923 612 1078 680 sermonis

46 731 145 819 plenus
166 740 273 798 orator
298 734 423 798 minima
450 731 505 800 llle
527 734 651 820 quidem
671 733 779 800 tardus
805 733 839 798 iu
859 731 1076 814 excogitando,

46 869 140 916 verum
171 859 276 916 tamen
306 850 392 918 vultu
418 861 450 918 et
474 851 674 919 slmulatioue
702 851 798 918 multo
825 825 918 918 etlam
947 851 1077 927 acutior,

48 987 128 1052 qoam
142 978 224 1046 crat,
246 967 419 1036 ridebatur.
451 966 531 1036 Nam
548 971 615 1038 clus
633 969 797 1056 aequalem
812 967 857 1033 Μ’
874 965 1077 1034 Glabrionem

46 1084 115 1152 beno
135 1088 303 1154 institutum
328 1088 378 1153 avi
395 1084 573 1154 Scaevolae
591 1087 755 1172 diligentia
773 1105 883 1154 socors
905 1087 1003 1174 Ipsina
1018 1103 1078 1150 na-
1102 1123 1106 1134 ·

47 1211 105 1268 tura
129 1203 365 1290 neglegensque
392 1201 582 1270 tardauerat.
624 1202 727 1270 Etiam
749 1202 786 1270 L.
810 1202 989 1292 Torquatus
1010 1201 1077 1268 clo-

44 1338 114 1404 gana
138 1323 171 1386 iu
199 1320 332 1389 dlecndo
360 1322 394 1387 in
419 1321 634 1389 existumaudo
663 1322 828 1388 admodum
853 1321 990 1409 prudens
1011 1327 1078 1406 toto

44 1455 148 1520 gauere
174 1439 379 1526 perurbanus.
421 1437 514 1506 Meus
543 1449 645 1508 autem
668 1439 812 1526 aequalis
834 1437 890 1504 Cn.
911 1437 1078 1524 Pompeius

43 1555 85 1620 vir
113 1556 152 1624 ad
183 1557 291 1624 amula
322 1575 442 1624 summa
478 1567 570 1626 uatus
602 1560 752 1626 maiorem
785 1557 910 1625 dicendi
941 1556 1078 1641 gloriam

43 1671 211 1754 Idumaea,
232 1675 294 1740 alsi
316 1695 385 1741 cum
407 1677 537 1745 maioris
559 1675 683 1761 gloriae
704 1675 857 1764 cupiditas
879 1675 920 1742 ad
943 1673 1079 1740 bellicas

42 1787 141 1860 laudas
164 1791 383 1860 abstraxisset.
415 1803 483 1860 crat
504 1795 645 1860 oratione
664 1794 743 1860 satis
765 1793 900 1880 amplus,
922 1811 988 1857 rem
1004 1809 1079 1874 pru-

43 1907 139 1976 dentor
152 1909 299 1990 videbat3
318 1914 400 1978 actio
415 1931 492 1978 vero
509 1915 578 1978 eius
594 1909 732 1976 babebat
748 1919 779 1976 ct
794 1911 828 1976 in
837 1927 914 1977 voce
932 1925 1079 1992 maguum

41 2025 232 2112 splendorem
253 2038 283 2094 ct
303 2029 337 2095 lu
357 2037 441 2094 motu
461 2031 613 2094 wmmam
635 2027 828 2110 dIguitatem.
870 2025 943 2092 240.
964 2023 1080 2090 Noster

40 2143 104 2210 item
137 2145 283 2231 aequalis
314 2143 354 2211 D.
384 2142 513 2210 SIIanus
534 2146 673 2214 {vitricus
704 2153 775 2210 tuus
802 2143 895 2210 studii
927 2141 983 2208 ille
1010 2142 1079 2227 qni-

42 2260 103 2328 dam
121 2262 233 2330 habuit
253 2283 316 2329 nou
337 2261 480 2341 multum,
508 2262 566 2328 scd
590 2263 742 2328 acuminis
764 2270 795 2326 et
816 2262 968 2328 orationis
989 2260 1077 2326 satis.

43 2375 75 2458 Q.
99 2379 266 2468 Pompeius
293 2380 333 2447 Α.
360 2378 412 2460 a,
447 2383 500 2468 qui
524 2379 708 2465 Bithynicus
735 2375 835 2446 dictos
859 2388 922 2456 est,
950 2377 1079 2444 bicunio

41 2515 125 2581 quam
144 2519 206 2565 nos
230 2498 366 2565 sortasse
388 2501 490 2566 maior
511 2519 629 2566 summo
652 2499 754 2566 studio
777 2498 900 2564 dicendi
921 2496 1079 2580 multaque

40 2612 176 2682 doctriua
207 2616 386 2684 incredihili
399 2639 403 2648 ’
417 2617 528 2685 labore
558 2627 662 2704 atquc
682 2617 849 2696 Industria3
882 2615 964 2702 quod
996 2614 1079 2680 sciro

39 2749 171 2818 possum.
214 2733 272 2798 fuit
297 2735 380 2798 enlm
408 2755 528 2800 mecum
557 2743 589 2801 ct
617 2755 687 2802 cum
708 2733 753 2798 M.
773 2733 888 2800 Pisone
910 2753 980 2798 eum
1002 2731 1081 2796 ami-

40 2850 108 2917 citia
142 2860 208 2918 tum
235 2849 347 2917 stodilo
379 2850 715 2936 exercitationibusque
747 2853 939 2916 coniunctus.
988 2847 1080 2912 buius
1142 2883 1151 2892 ·

40 3077 146 3137 praeter
166 3067 210 3120 80.
227 3064 268 3120 35.
288 3064 330 3122 53.
348 3065 391 3122 56.
418 3066 470 3122 Ga.
485 3067 509 3122 l.
534 3063 593 3123 oc.
612 3093 647 3106 -
674 3063 723 3122 hia
742 3064 811 3133 etat]
829 3062 884 3118 boc
901 3065 960 3118 etsi
975 3061 1018 3119 ed.
1036 3077 1080 3134 pr.

39 3150 79 3210 tac
97 3155 128 3209 si
146 3149 197 3222 Lg.
215 3157 328 3220 praeter
344 3151 402 3220 80,
420 3153 520 3208 lactei
536 3169 588 3208 om.

100 3233 230 3292 LXVIII
264 3233 323 3292 839.
361 3237 479 3306 deinde]
505 3255 559 3293 oru.
584 3235 635 3292 Gu.
656 3237 679 3292 I.
702 3263 738 3276 -
769 3232 977 3305 eacogttaado]
1004 3233 1082 3302 cogi·

40 3323 126 3378 tando
156 3320 199 3376 ed.
217 3336 258 3390 pr.
274 3349 309 3360 -
340 3321 390 3376 Μ’
417 3322 619 3391 Οἰαῠήοπωη]
642 3321 689 3377 Μ.
712 3319 774 3376 Ilbrl
797 3337 892 3374 omnes
918 3327 946 3372 et
970 3317 1013 3370 ed
1038 3333 1080 3386 pr.

40 3405 78 3461 M.
100 3405 160 3461 Gla
177 3405 226 3460 Ga.
242 3394 316 3460 t.-'
340 3409 402 3476 avi]
420 3425 472 3465 om.
492 3410 535 3464 ed.
550 3426 591 3478 pr.
607 3437 643 3452 —
669 3408 791 3475 natura]
810 3423 878 3460 oero
897 3404 948 3459 Gu.
964 3404 988 3458 l.
1019 3401 1081 3470 Pro

40 3495 132 3562 mucius
151 3490 194 3544 ed.
208 3507 250 3560 pr.
269 3496 344 3546 eius.
360 3521 391 3533 -
411 3494 575 3566 neglegens]
592 3493 644 3564 Lg.
657 3493 682 3546 8.
698 3493 740 3546 35.
757 3491 800 3546 51.
816 3491 858 3546 58.
885 3487 942 3545 0tt.
958 3517 994 3528 —
1018 3491 1081 3540 toto

39 3577 151 3646 qaaere]
170 3579 203 3630 ia
221 3583 282 3630 doto
299 3593 406 3648 genere
422 3579 487 3634 Par.
504 3579 540 3635 D.
559 3607 596 3622 *-
622 3581 684 3632 misi
699 3575 777 3643 com]
797 3593 850 3630 our.
869 3574 920 3628 Ga.
942 3575 963 3628 I.

102 3662 164 3716 840.
200 3660 252 3728 Β]
277 3660 389 3718 Decius
410 3663 462 3735 Lg.
478 3665 520 3718 80.
537 3663 579 3719 39.
595 3691 631 3706 —-
658 3659 796 3729 Silanus]
821 3659 944 3714 sitiamus
969 3656 1020 3730 Lg.
1039 3657 1081 3710 80.

39 3745 78 3802 30.
91 3746 133 3800 53.
155 3742 213 3800 Ott.
231 3745 301 3800 Ven.
315 3746 340 3800 8.
377 3749 509 3819 syllanus
527 3749 570 3804 cd.
587 3765 630 3818 pr.
648 3755 676 3800 et
694 3746 764 3799 aliae
782 3745 924 3814 quaedam.
961 3743 1081 3816 sylbano

39 3828 86 3900 Lg·
99 3831 143 3886 58.
156 3859 190 3870 -
216 3830 347 3900 dicendi]
367 3832 504 3889 discendi
520 3832 615 3885 Lamb.
641 3827 748 3884 Orellio
762 3831 908 3901 probatum
924 3831 1009 3884 miror
1025 3843 1082 3881 nou

40 3929 118 3968 unum
140 3914 293 3968 alterumve
313 3917 411 3972 librum
436 3920 510 3986 illam
532 3917 694 3986 scripturam
713 3916 905 3986 suppeditare,
929 3913 1002 3984 quod
1019 3910 1082 3964 fieri

39 3999 115 4054 solet.
152 3997 277 4054 Ceterum
295 4001 390 4057 iuIeIIx
407 4006 562 4060 coniectura
580 4007 634 4066 est;
657 4001 804 4071 sequeutia
824 3999 895 4052 euim
911 3999 1012 4050 docent
1028 4002 1081 4047 stu-

40 4080 109 4136 diom
126 4083 193 4136 illud
206 4083 333 4155 Pompeii
350 4104 407 4142 nou
424 4088 574 4143 discendis
591 4085 677 4140 literis
695 4093 741 4138 aut
759 4083 811 4138 arti
825 4082 982 4136 rhetoricae
997 4079 1082 4132 scissa

39 4166 181 4232 intentum,
198 4168 248 4222 sed
261 4169 503 4238 declamationibus
521 4182 549 4228 et
562 4170 754 4228 exercitandae
770 4167 901 4221 facultati,
914 4195 950 4240 7·-
967 4180 1082 4217 mearam

40 4250 430 4324 et1etombg.8.3o.51‚5a‚
443 4259 515 4318 Veu.
526 4261 595 4316 1.-
611 4253 836 4323 comamictaa]
847 4259 909 4309 mm
917 4249 1028 4326 eat-ed.
1037 4263 1078 4320 pr.
