<?xml version="1.0" encoding="UTF-8"?>
<!DOCTYPE html PUBLIC "-//W3C//DTD XHTML 1.0 Transitional//EN"
    "http://www.w3.org/TR/xhtml1/DTD/xhtml1-transitional.dtd">
<html xmlns="http://www.w3.org/1999/xhtml" xml:lang="en" lang="en">
 <head>
  <title>
</title>
<meta http-equiv="Content-Type" content="text/html;charset=utf-8" />
  <meta name='ocr-system' content='tesseract 3.04.00' />
  <meta name='ocr-capabilities' content='ocr_page ocr_carea ocr_par ocr_line ocrx_word'/>
</head>
<body>
  <div class='ocr_page' id='page_1' title='image "./brutussivedecla00cicegoog/brutussivedecla00cicegoog_0020.png"; bbox 0 0 2676 4774; ppageno 0'>
   <div class='ocr_carea' id='block_1_1' title="bbox 210 441 872 514">
    <p class='ocr_par' dir='ltr' id='par_1_1' title="bbox 210 441 872 514">
     <span class='ocr_line' id='line_1_1' title="bbox 210 441 872 514; baseline -0.008 -1"><span class='ocrx_word' id='word_1_1' title='bbox 210 465 266 514; x_wconf 84' lang='lat' dir='ltr'><strong>xrv</strong></span> <span class='ocrx_word' id='word_1_2' title='bbox 598 441 872 511; x_wconf 84' lang='lat' dir='ltr'><strong>PRAEFATIO.</strong></span> 
     </span>
    </p>
   </div>
   <div class='ocr_carea' id='block_1_2' title="bbox 209 590 1260 1401">
    <p class='ocr_par' dir='ltr' id='par_1_2' title="bbox 209 590 1260 1401">
     <span class='ocr_line' id='line_1_2' title="bbox 210 590 1260 695; baseline 0.001 -16"><span class='ocrx_word' id='word_1_3' title='bbox 210 615 244 679; x_wconf 91' lang='lat' dir='ltr'><strong>in</strong></span> <span class='ocrx_word' id='word_1_4' title='bbox 263 612 301 679; x_wconf 90' lang='lat' dir='ltr'><strong>de</strong></span> <span class='ocrx_word' id='word_1_5' title='bbox 322 609 375 678; x_wconf 89' lang='lat' dir='ltr'><strong>Or.</strong></span> <span class='ocrx_word' id='word_1_6' title='bbox 392 607 430 676; x_wconf 90' lang='lat' dir='ltr'><strong>ll.</strong></span> <span class='ocrx_word' id='word_1_7' title='bbox 449 611 598 692; x_wconf 84' lang='lat'><strong>17‚·72.;</strong></span> <span class='ocrx_word' id='word_1_8' title='bbox 619 613 683 679; x_wconf 84' lang='lat' dir='ltr'><strong>nom</strong></span> <span class='ocrx_word' id='word_1_9' title='bbox 699 615 877 679; x_wconf 71' lang='lat' dir='ltr'><strong><em>adulescens</em></strong></span> <span class='ocrx_word' id='word_1_10' title='bbox 899 621 929 678; x_wconf 89' lang='lat' dir='ltr'><strong>et</strong></span> <span class='ocrx_word' id='word_1_11' title='bbox 948 590 1092 695; x_wconf 82' lang='lat' dir='ltr'><strong>epistula.</strong></span> <span class='ocrx_word' id='word_1_12' title='bbox 1123 609 1260 680; x_wconf 84' lang='lat' dir='ltr'><strong>Nomina</strong></span> 
     </span>
     <span class='ocr_line' id='line_1_3' title="bbox 211 729 1258 818; baseline -0.001 -20"><span class='ocrx_word' id='word_1_13' title='bbox 211 734 244 798; x_wconf 94' lang='lat' dir='ltr'><strong>in</strong></span> <span class='ocrx_word' id='word_1_14' title='bbox 271 735 346 798; x_wconf 86' lang='lat' dir='ltr'><strong>ilius</strong></span> <span class='ocrx_word' id='word_1_15' title='bbox 373 749 527 817; x_wconf 82' lang='lat' dir='ltr'><strong>nusquam</strong></span> <span class='ocrx_word' id='word_1_16' title='bbox 555 729 628 797; x_wconf 87' lang='lat' dir='ltr'><strong>dodi</strong></span> <span class='ocrx_word' id='word_1_17' title='bbox 657 733 667 795; x_wconf 88' lang='lat' dir='ltr'><strong>l</strong></span> <span class='ocrx_word' id='word_1_18' title='bbox 696 730 868 818; x_wconf 87' lang='lat' dir='ltr'><strong>duplicato,</strong></span> <span class='ocrx_word' id='word_1_19' title='bbox 898 729 1067 798; x_wconf 90' lang='lat' dir='ltr'><strong>secundum</strong></span> <span class='ocrx_word' id='word_1_20' title='bbox 1089 750 1146 810; x_wconf 89' lang='lat' dir='ltr'><strong>ea,</strong></span> <span class='ocrx_word' id='word_1_21' title='bbox 1176 751 1258 818; x_wconf 89' lang='lat' dir='ltr'><strong>quae</strong></span> 
     </span>
     <span class='ocr_line' id='line_1_4' title="bbox 211 843 1258 936; baseline -0.002 -20"><span class='ocrx_word' id='word_1_22' title='bbox 211 851 275 918; x_wconf 86' lang='lat' dir='ltr'><strong>diri</strong></span> <span class='ocrx_word' id='word_1_23' title='bbox 296 852 329 914; x_wconf 89' lang='lat' dir='ltr'><strong>in</strong></span> <span class='ocrx_word' id='word_1_24' title='bbox 344 843 509 936; x_wconf 84' lang='lat' dir='ltr'><strong>Explicatt.</strong></span> <span class='ocrx_word' id='word_1_25' title='bbox 529 849 570 915; x_wconf 90' lang='lat' dir='ltr'><strong>ad</strong></span> <span class='ocrx_word' id='word_1_26' title='bbox 587 847 626 914; x_wconf 91' lang='lat' dir='ltr'><strong>de</strong></span> <span class='ocrx_word' id='word_1_27' title='bbox 645 845 698 914; x_wconf 90' lang='lat' dir='ltr'><strong>Or.</strong></span> <span class='ocrx_word' id='word_1_28' title='bbox 714 846 767 914; x_wconf 92' lang='lat' dir='ltr'><strong>lll.</strong></span> <span class='ocrx_word' id='word_1_29' title='bbox 785 845 933 926; x_wconf 61' lang='lat' dir='ltr'><strong>ata-171.</strong></span> <span class='ocrx_word' id='word_1_30' title='bbox 971 848 1144 930; x_wconf 74' lang='lat' dir='ltr'><strong>Exspecto,</strong></span> <span class='ocrx_word' id='word_1_31' title='bbox 1167 859 1258 914; x_wconf 83' lang='lat' dir='ltr'><strong>casto</strong></span> 
     </span>
     <span class='ocr_line' id='line_1_5' title="bbox 210 964 1258 1053; baseline -0.002 -18"><span class='ocrx_word' id='word_1_32' title='bbox 210 979 241 1035; x_wconf 91' lang='lat' dir='ltr'><strong>et</strong></span> <span class='ocrx_word' id='word_1_33' title='bbox 262 967 380 1034; x_wconf 79' lang='lat' dir='ltr'><strong>similia</strong></span> <span class='ocrx_word' id='word_1_34' title='bbox 397 969 538 1053; x_wconf 85' lang='lat' dir='ltr'><strong>quamvis</strong></span> <span class='ocrx_word' id='word_1_35' title='bbox 561 973 670 1033; x_wconf 87' lang='lat' dir='ltr'><strong>contra</strong></span> <span class='ocrx_word' id='word_1_36' title='bbox 685 965 785 1033; x_wconf 88' lang='lat' dir='ltr'><strong>libros</strong></span> <span class='ocrx_word' id='word_1_37' title='bbox 803 965 915 1032; x_wconf 91' lang='lat' dir='ltr'><strong>multos</strong></span> <span class='ocrx_word' id='word_1_38' title='bbox 937 964 1107 1032; x_wconf 86' lang='lat' dir='ltr'><strong>scribenda</strong></span> <span class='ocrx_word' id='word_1_39' title='bbox 1128 967 1258 1034; x_wconf 83' lang='lat' dir='ltr'><strong>stratio</strong></span> 
     </span>
     <span class='ocr_line' id='line_1_6' title="bbox 209 1083 1259 1172; baseline -0.005 -19"><span class='ocrx_word' id='word_1_40' title='bbox 209 1088 324 1154; x_wconf 80' lang='lat' dir='ltr'><strong>evincit</strong></span> <span class='ocrx_word' id='word_1_41' title='bbox 344 1105 403 1152; x_wconf 89' lang='lat' dir='ltr'><strong>nec</strong></span> <span class='ocrx_word' id='word_1_42' title='bbox 419 1083 563 1172; x_wconf 93' lang='lat' dir='ltr'><strong>prohibet</strong></span> <span class='ocrx_word' id='word_1_43' title='bbox 580 1083 765 1163; x_wconf 80' lang='lat' dir='ltr'><strong>Quintiliani</strong></span> <span class='ocrx_word' id='word_1_44' title='bbox 787 1083 959 1161; x_wconf 87' lang='lat' dir='ltr'><strong>decretum,</strong></span> <span class='ocrx_word' id='word_1_45' title='bbox 982 1085 1048 1169; x_wconf 89' lang='lat' dir='ltr'><strong>qui,</strong></span> <span class='ocrx_word' id='word_1_46' title='bbox 1072 1103 1172 1150; x_wconf 89' lang='lat' dir='ltr'><strong>cums</strong></span> <span class='ocrx_word' id='word_1_47' title='bbox 1194 1103 1259 1149; x_wconf 91' lang='lat' dir='ltr'><strong>non</strong></span> 
     </span>
     <span class='ocr_line' id='line_1_7' title="bbox 210 1198 1258 1282; baseline -0.005 -11"><span class='ocrx_word' id='word_1_48' title='bbox 210 1203 312 1271; x_wconf 85' lang='lat' dir='ltr'><strong>audiri</strong></span> <span class='ocrx_word' id='word_1_49' title='bbox 339 1202 430 1282; x_wconf 87' lang='lat' dir='ltr'><strong>dicit,</strong></span> <span class='ocrx_word' id='word_1_50' title='bbox 462 1202 554 1268; x_wconf 92' lang='lat' dir='ltr'><strong>simul</strong></span> <span class='ocrx_word' id='word_1_51' title='bbox 581 1221 601 1268; x_wconf 90' lang='lat' dir='ltr'><strong>a</strong></span> <span class='ocrx_word' id='word_1_52' title='bbox 623 1201 727 1268; x_wconf 89' lang='lat' dir='ltr'><strong>multis</strong></span> <span class='ocrx_word' id='word_1_53' title='bbox 755 1199 850 1268; x_wconf 84' lang='lat' dir='ltr'><strong>scribi</strong></span> <span class='ocrx_word' id='word_1_54' title='bbox 879 1202 1002 1268; x_wconf 88' lang='lat' dir='ltr'><strong>latetur.</strong></span> <span class='ocrx_word' id='word_1_55' title='bbox 1046 1198 1128 1280; x_wconf 85' lang='lat' dir='ltr'><strong>Quid</strong></span> <span class='ocrx_word' id='word_1_56' title='bbox 1151 1202 1258 1267; x_wconf 82' lang='lat' dir='ltr'><strong>enimi</strong></span> 
     </span>
     <span class='ocr_line' id='line_1_8' title="bbox 209 1319 1258 1401; baseline -0.002 -14"><span class='ocrx_word' id='word_1_57' title='bbox 209 1319 336 1400; x_wconf 86' lang='lat' dir='ltr'><strong>Nonne,</strong></span> <span class='ocrx_word' id='word_1_58' title='bbox 359 1323 388 1387; x_wconf 91' lang='lat' dir='ltr'><strong>si</strong></span> <span class='ocrx_word' id='word_1_59' title='bbox 406 1331 479 1387; x_wconf 81' lang='lat' dir='ltr'><strong>ecto</strong></span> <span class='ocrx_word' id='word_1_60' title='bbox 496 1319 657 1397; x_wconf 76' lang='lat' dir='ltr'><strong>scribitur,</strong></span> <span class='ocrx_word' id='word_1_61' title='bbox 679 1321 772 1385; x_wconf 89' lang='lat' dir='ltr'><strong>etiam</strong></span> <span class='ocrx_word' id='word_1_62' title='bbox 792 1321 903 1386; x_wconf 80' lang='lat' dir='ltr'><strong>acoleo</strong></span> <span class='ocrx_word' id='word_1_63' title='bbox 925 1319 1059 1386; x_wconf 87' lang='lat' dir='ltr'><strong>dandum</strong></span> <span class='ocrx_word' id='word_1_64' title='bbox 1081 1329 1112 1385; x_wconf 90' lang='lat' dir='ltr'><strong>et</strong></span> <span class='ocrx_word' id='word_1_65' title='bbox 1128 1321 1258 1401; x_wconf 81' lang='lat' dir='ltr'><strong>capolia</strong></span> 
     </span>
    </p>
   </div>
   <div class='ocr_carea' id='block_1_3' title="bbox 209 1426 1257 1525">
    <p class='ocr_par' dir='ltr' id='par_1_3' title="bbox 209 1426 1257 1525">
     <span class='ocr_line' id='line_1_9' title="bbox 209 1426 1257 1525; baseline -0.005 -18"><span class='ocrx_word' id='word_1_66' title='bbox 209 1449 240 1507; x_wconf 88' lang='lat' dir='ltr'><strong>et</strong></span> <span class='ocrx_word' id='word_1_67' title='bbox 257 1457 361 1522; x_wconf 79' lang='lat' dir='ltr'><strong>capes,</strong></span> <span class='ocrx_word' id='word_1_68' title='bbox 381 1438 464 1525; x_wconf 88' lang='lat' dir='ltr'><strong>quod</strong></span> <span class='ocrx_word' id='word_1_69' title='bbox 482 1439 637 1525; x_wconf 85' lang='lat' dir='ltr'><strong>posterius</strong></span> <span class='ocrx_word' id='word_1_70' title='bbox 655 1439 722 1504; x_wconf 90' lang='lat' dir='ltr'><strong>sive</strong></span> <span class='ocrx_word' id='word_1_71' title='bbox 740 1434 944 1503; x_wconf 82' lang='lat' dir='ltr'><strong>liuttmannus</strong></span> <span class='ocrx_word' id='word_1_72' title='bbox 964 1439 1032 1504; x_wconf 87' lang='lat' dir='ltr'><strong>siva</strong></span> <span class='ocrx_word' id='word_1_73' title='bbox 1049 1426 1257 1524; x_wconf 80' lang='lat' dir='ltr'><strong>Spaldingius</strong></span> 
     </span>
    </p>
   </div>
   <div class='ocr_carea' id='block_1_4' title="bbox 99 1547 1139 1642">
    <p class='ocr_par' dir='ltr' id='par_1_4' title="bbox 99 1547 1139 1642">
     <span class='ocr_line' id='line_1_10' title="bbox 99 1547 1139 1642; baseline -0.003 -18"><span class='ocrx_word' id='word_1_74' title='bbox 99 1627 102 1634; x_wconf 15' lang='grc' dir='ltr'><strong><em>Δ</em></strong></span> <span class='ocrx_word' id='word_1_75' title='bbox 208 1561 242 1624; x_wconf 92' lang='lat' dir='ltr'><strong>iu</strong></span> <span class='ocrx_word' id='word_1_76' title='bbox 260 1555 453 1637; x_wconf 81' lang='lat' dir='ltr'><strong>Quintiliano</strong></span> <span class='ocrx_word' id='word_1_77' title='bbox 475 1556 615 1634; x_wconf 88' lang='lat' dir='ltr'><strong>admisit,</strong></span> <span class='ocrx_word' id='word_1_78' title='bbox 637 1558 728 1642; x_wconf 87' lang='lat' dir='ltr'><strong>quasi</strong></span> <span class='ocrx_word' id='word_1_79' title='bbox 749 1547 864 1624; x_wconf 75' lang='lat' dir='ltr'><strong>iiuada</strong></span> <span class='ocrx_word' id='word_1_80' title='bbox 885 1554 1139 1641; x_wconf 80' lang='lat' dir='ltr'><strong>significaturusl</strong></span> 
     </span>
    </p>
   </div>
   <div class='ocr_carea' id='block_1_5' title="bbox 139 1672 1334 4350">
    <p class='ocr_par' dir='ltr' id='par_1_5' title="bbox 139 1672 1333 3297">
     <span class='ocr_line' id='line_1_11' title="bbox 293 1672 1257 1761; baseline -0.001 -21"><span class='ocrx_word' id='word_1_81' title='bbox 293 1673 341 1741; x_wconf 89' lang='lat' dir='ltr'><strong>Ne</strong></span> <span class='ocrx_word' id='word_1_82' title='bbox 373 1673 452 1740; x_wconf 90' lang='lat' dir='ltr'><strong>illud</strong></span> <span class='ocrx_word' id='word_1_83' title='bbox 484 1673 608 1760; x_wconf 89' lang='lat' dir='ltr'><strong>quidem</strong></span> <span class='ocrx_word' id='word_1_84' title='bbox 638 1673 775 1761; x_wconf 89' lang='lat' dir='ltr'><strong>prudens</strong></span> <span class='ocrx_word' id='word_1_85' title='bbox 807 1693 880 1740; x_wconf 88' lang='lat' dir='ltr'><strong>esse</strong></span> <span class='ocrx_word' id='word_1_86' title='bbox 919 1673 1058 1740; x_wconf 87' lang='lat' dir='ltr'><strong>iudicavi</strong></span> <span class='ocrx_word' id='word_1_87' title='bbox 1091 1672 1257 1740; x_wconf 81' lang='lat' dir='ltr'><strong>discedere</strong></span> 
     </span>
     <span class='ocr_line' id='line_1_12' title="bbox 210 1787 1258 1882; baseline -0.005 -20"><span class='ocrx_word' id='word_1_88' title='bbox 210 1803 378 1882; x_wconf 85' lang='lat' dir='ltr'><strong>a-recepta</strong></span> <span class='ocrx_word' id='word_1_89' title='bbox 399 1794 553 1882; x_wconf 88' lang='lat' dir='ltr'><strong>scriptura</strong></span> <span class='ocrx_word' id='word_1_90' title='bbox 574 1793 607 1858; x_wconf 93' lang='lat' dir='ltr'><strong>in</strong></span> <span class='ocrx_word' id='word_1_91' title='bbox 627 1791 835 1858; x_wconf 86' lang='lat' dir='ltr'><strong>assimilanda</strong></span> <span class='ocrx_word' id='word_1_92' title='bbox 845 1793 1097 1879; x_wconf 88' lang='lat' dir='ltr'><strong>praepositione.</strong></span> <span class='ocrx_word' id='word_1_93' title='bbox 1140 1787 1258 1857; x_wconf 92' lang='lat' dir='ltr'><strong>Libro-</strong></span> 
     </span>
     <span class='ocr_line' id='line_1_13' title="bbox 208 1891 1257 1997; baseline -0.006 -17"><span class='ocrx_word' id='word_1_94' title='bbox 208 1933 275 1980; x_wconf 88' lang='lat' dir='ltr'><strong>rum</strong></span> <span class='ocrx_word' id='word_1_95' title='bbox 292 1930 465 1980; x_wconf 87' lang='lat' dir='ltr'><strong>consensus</strong></span> <span class='ocrx_word' id='word_1_96' title='bbox 483 1931 546 1978; x_wconf 89' lang='lat' dir='ltr'><strong>non</strong></span> <span class='ocrx_word' id='word_1_97' title='bbox 563 1921 626 1989; x_wconf 90' lang='lat' dir='ltr'><strong>est,</strong></span> <span class='ocrx_word' id='word_1_98' title='bbox 651 1911 684 1976; x_wconf 93' lang='lat' dir='ltr'><strong>in</strong></span> <span class='ocrx_word' id='word_1_99' title='bbox 700 1909 798 1976; x_wconf 90' lang='lat' dir='ltr'><strong>titulis</strong></span> <span class='ocrx_word' id='word_1_100' title='bbox 815 1891 891 1976; x_wconf 84' lang='lat' dir='ltr'><strong>rara</strong></span> <span class='ocrx_word' id='word_1_101' title='bbox 907 1909 1050 1997; x_wconf 82' lang='lat' dir='ltr'><strong>exempla</strong></span> <span class='ocrx_word' id='word_1_102' title='bbox 1066 1918 1257 1996; x_wconf 82' lang='lat' dir='ltr'><strong>comparent,</strong></span> 
     </span>
     <span class='ocr_line' id='line_1_14' title="bbox 206 2027 1255 2119; baseline -0.005 -21"><span class='ocrx_word' id='word_1_103' title='bbox 206 2033 375 2119; x_wconf 87' lang='lat' dir='ltr'><strong>rescriptos</strong></span> <span class='ocrx_word' id='word_1_104' title='bbox 403 2029 531 2097; x_wconf 89' lang='lat' dir='ltr'><strong>codices</strong></span> <span class='ocrx_word' id='word_1_105' title='bbox 558 2028 609 2095; x_wconf 89' lang='lat' dir='ltr'><strong>hic</strong></span> <span class='ocrx_word' id='word_1_106' title='bbox 636 2028 704 2095; x_wconf 91' lang='lat' dir='ltr'><strong>illic</strong></span> <span class='ocrx_word' id='word_1_107' title='bbox 733 2027 773 2095; x_wconf 87' lang='lat' dir='ltr'><strong>ab</strong></span> <span class='ocrx_word' id='word_1_108' title='bbox 802 2029 987 2116; x_wconf 82' lang='lat' dir='ltr'><strong>antiquariis</strong></span> <span class='ocrx_word' id='word_1_109' title='bbox 1013 2037 1173 2095; x_wconf 90' lang='lat' dir='ltr'><strong>correctos</strong></span> <span class='ocrx_word' id='word_1_110' title='bbox 1202 2047 1255 2094; x_wconf 89' lang='lat' dir='ltr'><strong>su-</strong></span> 
     </span>
     <span class='ocr_line' id='line_1_15' title="bbox 207 2143 1256 2238; baseline -0.004 -22"><span class='ocrx_word' id='word_1_111' title='bbox 207 2151 307 2238; x_wconf 85' lang='lat' dir='ltr'><strong>spicio</strong></span> <span class='ocrx_word' id='word_1_112' title='bbox 329 2149 454 2214; x_wconf 91' lang='lat' dir='ltr'><strong>minime</strong></span> <span class='ocrx_word' id='word_1_113' title='bbox 477 2147 655 2234; x_wconf 87' lang='lat' dir='ltr'><strong>spernenda</strong></span> <span class='ocrx_word' id='word_1_114' title='bbox 674 2147 812 2226; x_wconf 80' lang='lat' dir='ltr'><strong>videtum,</strong></span> <span class='ocrx_word' id='word_1_115' title='bbox 840 2149 922 2214; x_wconf 90' lang='lat' dir='ltr'><strong>ratio</strong></span> <span class='ocrx_word' id='word_1_116' title='bbox 946 2143 1094 2232; x_wconf 83' lang='lat' dir='ltr'><strong>ambigua</strong></span> <span class='ocrx_word' id='word_1_117' title='bbox 1115 2147 1256 2226; x_wconf 88' lang='lat' dir='ltr'><strong>est;·ita</strong></span> 
     </span>
     <span class='ocr_line' id='line_1_16' title="bbox 207 2263 1255 2352; baseline -0.002 -20"><span class='ocrx_word' id='word_1_118' title='bbox 207 2269 278 2332; x_wconf 89' lang='lat' dir='ltr'><strong>usui</strong></span> <span class='ocrx_word' id='word_1_119' title='bbox 317 2276 348 2332; x_wconf 90' lang='lat' dir='ltr'><strong>et</strong></span> <span class='ocrx_word' id='word_1_120' title='bbox 385 2266 659 2350; x_wconf 84' lang='lat' dir='ltr'><strong>grammaticorum</strong></span> <span class='ocrx_word' id='word_1_121' title='bbox 684 2275 828 2332; x_wconf 77' lang='lat' dir='ltr'><strong>ueterum</strong></span> <span class='ocrx_word' id='word_1_122' title='bbox 864 2265 1041 2332; x_wconf 86' lang='lat' dir='ltr'><strong>auctoritati</strong></span> <span class='ocrx_word' id='word_1_123' title='bbox 1072 2263 1255 2352; x_wconf 87' lang='lat' dir='ltr'><strong>parendum.</strong></span> 
     </span>
     <span class='ocr_line' id='line_1_17' title="bbox 139 2373 1253 2472; baseline 0 -23"><span class='ocrx_word' id='word_1_124' title='bbox 139 2425 149 2442; x_wconf 77' lang='lat'><strong>,</strong></span> <span class='ocrx_word' id='word_1_125' title='bbox 208 2382 340 2472; x_wconf 89' lang='lat' dir='ltr'><strong>Semper</strong></span> <span class='ocrx_word' id='word_1_126' title='bbox 371 2384 467 2468; x_wconf 82' lang='lat' dir='ltr'><strong>igitur</strong></span> <span class='ocrx_word' id='word_1_127' title='bbox 493 2383 606 2470; x_wconf 85' lang='lat' dir='ltr'><strong>scripsi</strong></span> <span class='ocrx_word' id='word_1_128' title='bbox 633 2401 785 2467; x_wconf 61' lang='lat' dir='ltr'><strong>maereo,</strong></span> <span class='ocrx_word' id='word_1_129' title='bbox 799 2415 802 2428; x_wconf 92' lang='lat'><em>·</em></span> <span class='ocrx_word' id='word_1_130' title='bbox 816 2373 934 2468; x_wconf 74' lang='lat' dir='ltr'><strong>effac,</strong></span> <span class='ocrx_word' id='word_1_131' title='bbox 962 2385 1253 2466; x_wconf 67' lang='lat' dir='ltr'><strong>supermanante,</strong></span> 
     </span>
     <span class='ocr_line' id='line_1_18' title="bbox 207 2499 1255 2588; baseline -0.001 -20"><span class='ocrx_word' id='word_1_132' title='bbox 207 2512 399 2585; x_wconf 86' lang='lat' dir='ltr'><strong>apparatas,</strong></span> <span class='ocrx_word' id='word_1_133' title='bbox 423 2504 552 2584; x_wconf 79' lang='lat' dir='ltr'><strong>ospicio,</strong></span> <span class='ocrx_word' id='word_1_134' title='bbox 567 2505 717 2577; x_wconf 82' lang='lat' dir='ltr'><strong>utteado,</strong></span> <span class='ocrx_word' id='word_1_135' title='bbox 730 2503 774 2568; x_wconf 87' lang='lat' dir='ltr'><strong>in</strong></span> <span class='ocrx_word' id='word_1_136' title='bbox 796 2501 907 2588; x_wconf 89' lang='lat' dir='ltr'><strong>quibus</strong></span> <span class='ocrx_word' id='word_1_137' title='bbox 929 2500 1004 2567; x_wconf 88' lang='lat' dir='ltr'><strong>boni</strong></span> <span class='ocrx_word' id='word_1_138' title='bbox 1025 2499 1100 2566; x_wconf 84' lang='lat' dir='ltr'><strong>libri</strong></span> <span class='ocrx_word' id='word_1_139' title='bbox 1122 2500 1255 2567; x_wconf 89' lang='lat' dir='ltr'><strong>subinde</strong></span> 
     </span>
     <span class='ocr_line' id='line_1_19' title="bbox 207 2616 1254 2698; baseline -0.003 -11"><span class='ocrx_word' id='word_1_140' title='bbox 207 2619 408 2697; x_wconf 88' lang='lat' dir='ltr'><strong>dissentiunt,</strong></span> <span class='ocrx_word' id='word_1_141' title='bbox 438 2618 523 2685; x_wconf 87' lang='lat' dir='ltr'><strong>velut</strong></span> <span class='ocrx_word' id='word_1_142' title='bbox 551 2621 588 2698; x_wconf 87' lang='lat'><strong>2,</strong></span> <span class='ocrx_word' id='word_1_143' title='bbox 606 2619 635 2685; x_wconf 90' lang='grc'><strong>7.</strong></span> <span class='ocrx_word' id='word_1_144' title='bbox 666 2619 704 2698; x_wconf 85' lang='grc'><strong>5,</strong></span> <span class='ocrx_word' id='word_1_145' title='bbox 727 2618 784 2686; x_wconf 77' lang='lat'><strong>18:</strong></span> <span class='ocrx_word' id='word_1_146' title='bbox 817 2619 856 2686; x_wconf 88' lang='lat' dir='ltr'><strong>cf.</strong></span> <span class='ocrx_word' id='word_1_147' title='bbox 884 2617 1073 2686; x_wconf 89' lang='lat' dir='ltr'><strong>Schneideri</strong></span> <span class='ocrx_word' id='word_1_148' title='bbox 1104 2616 1254 2686; x_wconf 70' lang='lat' dir='ltr'><strong>(labat.</strong></span> 
     </span>
     <span class='ocr_line' id='line_1_20' title="bbox 205 2734 1256 2825; baseline 0 -20"><span class='ocrx_word' id='word_1_149' title='bbox 205 2737 267 2805; x_wconf 87' lang='lat' dir='ltr'><strong>vol.</strong></span> <span class='ocrx_word' id='word_1_150' title='bbox 281 2735 319 2802; x_wconf 94' lang='lat' dir='ltr'><strong>ll.</strong></span> <span class='ocrx_word' id='word_1_151' title='bbox 342 2757 371 2824; x_wconf 92' lang='lat' dir='ltr'><strong>p.</strong></span> <span class='ocrx_word' id='word_1_152' title='bbox 387 2734 479 2816; x_wconf 50' lang='lat'><strong>5294</strong></span> <span class='ocrx_word' id='word_1_153' title='bbox 501 2750 625 2825; x_wconf 90' lang='lat' dir='ltr'><strong>semper</strong></span> <span class='ocrx_word' id='word_1_154' title='bbox 645 2739 770 2822; x_wconf 84' lang='lat' dir='ltr'><strong>collepa,</strong></span> <span class='ocrx_word' id='word_1_155' title='bbox 793 2742 935 2825; x_wconf 83' lang='lat' dir='ltr'><strong>immoto,</strong></span> <span class='ocrx_word' id='word_1_156' title='bbox 950 2741 1112 2821; x_wconf 44' lang='lat' dir='ltr'><strong>*serapio</strong></span> <span class='ocrx_word' id='word_1_157' title='bbox 1156 2737 1256 2805; x_wconf 85' lang='lat' dir='ltr'><strong>Plane</strong></span> 
     </span>
     <span class='ocr_line' id='line_1_21' title="bbox 206 2847 1257 2940; baseline -0.001 -17"><span class='ocrx_word' id='word_1_158' title='bbox 206 2855 381 2924; x_wconf 87' lang='lat' dir='ltr'><strong>solitarium</strong></span> <span class='ocrx_word' id='word_1_159' title='bbox 410 2853 562 2922; x_wconf 89' lang='lat' dir='ltr'><strong>inlibris</strong></span> <span class='ocrx_word' id='word_1_160' title='bbox 591 2866 639 2922; x_wconf 90' lang='lat' dir='ltr'><strong>est</strong></span> <span class='ocrx_word' id='word_1_161' title='bbox 669 2859 867 2940; x_wconf 75' lang='lat' dir='ltr'><strong>subfrupium</strong></span> <span class='ocrx_word' id='word_1_162' title='bbox 892 2857 1054 2936; x_wconf 64' lang='lat' dir='ltr'><strong>osa-m</strong></span> <span class='ocrx_word' id='word_1_163' title='bbox 1098 2856 1196 2939; x_wconf 53' lang='lat' dir='ltr'><strong>Absor?</strong></span> <span class='ocrx_word' id='word_1_164' title='bbox 1223 2847 1257 2922; x_wconf 55' lang='lat' dir='ltr'><strong>&#39;et</strong></span> 
     </span>
     <span class='ocr_line' id='line_1_22' title="bbox 206 2973 1333 3058; baseline -0.001 -17"><span class='ocrx_word' id='word_1_165' title='bbox 206 2977 288 3058; x_wconf 75' lang='lat' dir='ltr'><strong>asad</strong></span> <span class='ocrx_word' id='word_1_166' title='bbox 305 2994 374 3040; x_wconf 90' lang='lat' dir='ltr'><strong>cum</strong></span> <span class='ocrx_word' id='word_1_167' title='bbox 402 2975 489 3042; x_wconf 80' lang='lat' dir='ltr'><strong>iuxta</strong></span> <span class='ocrx_word' id='word_1_168' title='bbox 519 2979 636 3043; x_wconf 89' lang='lat' dir='ltr'><strong>usitata</strong></span> <span class='ocrx_word' id='word_1_169' title='bbox 663 2975 763 3044; x_wconf 86' lang='lat' dir='ltr'><strong>fuisse</strong></span> <span class='ocrx_word' id='word_1_170' title='bbox 790 2975 971 3052; x_wconf 85' lang='lat' dir='ltr'><strong>videantur,</strong></span> <span class='ocrx_word' id='word_1_171' title='bbox 988 3013 991 3022; x_wconf 41' lang='grc' dir='ltr'>ι</span> <span class='ocrx_word' id='word_1_172' title='bbox 1006 2973 1141 3057; x_wconf 78' lang='lat' dir='ltr'><strong>siugulis</strong></span> <span class='ocrx_word' id='word_1_173' title='bbox 1173 2974 1257 3040; x_wconf 90' lang='lat' dir='ltr'><strong>locis</strong></span> <span class='ocrx_word' id='word_1_174' title='bbox 1329 2986 1333 3003; x_wconf 81' lang='lat'>¹</span> 
     </span>
     <span class='ocr_line' id='line_1_23' title="bbox 205 3068 1257 3180; baseline 0.001 -23"><span class='ocrx_word' id='word_1_175' title='bbox 205 3092 462 3180; x_wconf 86' lang='lat' dir='ltr'><strong>pronuntiandum</strong></span> <span class='ocrx_word' id='word_1_176' title='bbox 484 3103 533 3160; x_wconf 89' lang='lat' dir='ltr'><strong>est</strong></span> <span class='ocrx_word' id='word_1_177' title='bbox 554 3094 724 3161; x_wconf 89' lang='lat' dir='ltr'><strong>secundum</strong></span> <span class='ocrx_word' id='word_1_178' title='bbox 744 3093 866 3171; x_wconf 83' lang='lat' dir='ltr'><strong>libros,</strong></span> <span class='ocrx_word' id='word_1_179' title='bbox 884 3092 1048 3171; x_wconf 73' lang='lat' dir='ltr'><strong>velutdl,</strong></span> <span class='ocrx_word' id='word_1_180' title='bbox 1069 3089 1163 3158; x_wconf 76' lang='lat' dir='ltr'><strong>ala·</strong></span> <span class='ocrx_word' id='word_1_181' title='bbox 1190 3068 1257 3158; x_wconf 84' lang='lat' dir='ltr'><strong>Sed</strong></span> 
     </span>
     <span class='ocr_line' id='line_1_24' title="bbox 205 3207 1117 3297; baseline -0.003 -20"><span class='ocrx_word' id='word_1_182' title='bbox 205 3229 368 3277; x_wconf 84' lang='lat' dir='ltr'><strong>ammoneo</strong></span> <span class='ocrx_word' id='word_1_183' title='bbox 389 3222 551 3297; x_wconf 87' lang='lat' dir='ltr'><strong>peccatum</strong></span> <span class='ocrx_word' id='word_1_184' title='bbox 571 3220 620 3276; x_wconf 91' lang='lat' dir='ltr'><strong>est</strong></span> <span class='ocrx_word' id='word_1_185' title='bbox 642 3208 816 3276; x_wconf 85' lang='lat' dir='ltr'><strong>scribarum</strong></span> <span class='ocrx_word' id='word_1_186' title='bbox 836 3207 986 3277; x_wconf 83' lang='lat' dir='ltr'><strong>Italorum</strong></span> <span class='ocrx_word' id='word_1_187' title='bbox 1005 3209 1043 3288; x_wconf 79' lang='lat' dir='ltr'><strong>l,</strong></span> <span class='ocrx_word' id='word_1_188' title='bbox 1066 3208 1117 3274; x_wconf 82' lang='lat'><strong>15.</strong></span> 
     </span>
    </p>

    <p class='ocr_par' dir='ltr' id='par_1_6' title="bbox 202 3326 1334 4350">
     <span class='ocr_line' id='line_1_25' title="bbox 289 3326 1258 3414; baseline 0 -22"><span class='ocrx_word' id='word_1_189' title='bbox 289 3327 477 3406; x_wconf 84' lang='lat' dir='ltr'><strong>Aliasunt,</strong></span> <span class='ocrx_word' id='word_1_190' title='bbox 508 3347 589 3414; x_wconf 87' lang='lat' dir='ltr'><strong>quae</strong></span> <span class='ocrx_word' id='word_1_191' title='bbox 615 3337 882 3396; x_wconf 67' lang='lat' dir='ltr'><strong>constanter‘uno</strong></span> <span class='ocrx_word' id='word_1_192' title='bbox 904 3329 997 3396; x_wconf 92' lang='lat' dir='ltr'><strong>modo</strong></span> <span class='ocrx_word' id='word_1_193' title='bbox 1026 3326 1126 3395; x_wconf 88' lang='lat' dir='ltr'><strong>scribi</strong></span> <span class='ocrx_word' id='word_1_194' title='bbox 1153 3347 1193 3394; x_wconf 89' lang='lat' dir='ltr'><strong>ne</strong></span> <span class='ocrx_word' id='word_1_195' title='bbox 1224 3330 1258 3393; x_wconf 89' lang='lat' dir='ltr'><strong>in</strong></span> 
     </span>
     <span class='ocr_line' id='line_1_26' title="bbox 205 3442 1259 3534; baseline -0.004 -20"><span class='ocrx_word' id='word_1_196' title='bbox 205 3443 339 3531; x_wconf 84' lang='lat' dir='ltr'><strong>singulis</strong></span> <span class='ocrx_word' id='word_1_197' title='bbox 363 3443 487 3534; x_wconf 89' lang='lat' dir='ltr'><strong>quidem</strong></span> <span class='ocrx_word' id='word_1_198' title='bbox 506 3442 671 3512; x_wconf 81' lang='lat' dir='ltr'><strong>Ciceronis</strong></span> <span class='ocrx_word' id='word_1_199' title='bbox 692 3445 784 3512; x_wconf 93' lang='lat' dir='ltr'><strong>libris</strong></span> <span class='ocrx_word' id='word_1_200' title='bbox 805 3447 904 3524; x_wconf 68' lang='lat' dir='ltr'><strong>licet:</strong></span> <span class='ocrx_word' id='word_1_201' title='bbox 921 3467 984 3512; x_wconf 89' lang='lat' dir='ltr'><strong>non</strong></span> <span class='ocrx_word' id='word_1_202' title='bbox 1005 3444 1108 3511; x_wconf 87' lang='lat' dir='ltr'><strong>solum</strong></span> <span class='ocrx_word' id='word_1_203' title='bbox 1131 3453 1259 3533; x_wconf 88' lang='lat' dir='ltr'><strong>propter</strong></span> 
     </span>
     <span class='ocr_line' id='line_1_27' title="bbox 204 3545 1258 3648; baseline -0.003 -17"><span class='ocrx_word' id='word_1_204' title='bbox 204 3563 332 3631; x_wconf 89' lang='lat' dir='ltr'><strong>codices</strong></span> <span class='ocrx_word' id='word_1_205' title='bbox 363 3565 397 3628; x_wconf 90' lang='lat' dir='ltr'><strong>iu</strong></span> <span class='ocrx_word' id='word_1_206' title='bbox 425 3563 490 3630; x_wconf 89' lang='lat' dir='ltr'><strong>alia</strong></span> <span class='ocrx_word' id='word_1_207' title='bbox 512 3563 859 3642; x_wconf 81' lang='lat' dir='ltr'><strong>omniadiscedentes,</strong></span> <span class='ocrx_word' id='word_1_208' title='bbox 889 3545 1179 3648; x_wconf 64' lang='lat' dir='ltr'><strong>sed⁸quiaeadam</strong></span> <span class='ocrx_word' id='word_1_209' title='bbox 1201 3582 1258 3629; x_wconf 87' lang='lat' dir='ltr'><strong>ae-</strong></span> 
     </span>
     <span class='ocr_line' id='line_1_28' title="bbox 203 3678 1259 3769; baseline -0.003 -21"><span class='ocrx_word' id='word_1_210' title='bbox 203 3691 266 3748; x_wconf 88' lang='lat' dir='ltr'><strong>tate</strong></span> <span class='ocrx_word' id='word_1_211' title='bbox 289 3679 416 3747; x_wconf 90' lang='lat' dir='ltr'><strong>diversa</strong></span> <span class='ocrx_word' id='word_1_212' title='bbox 436 3683 654 3767; x_wconf 90' lang='lat' dir='ltr'><strong>pronuntiandi</strong></span> <span class='ocrx_word' id='word_1_213' title='bbox 682 3683 764 3747; x_wconf 87' lang='lat' dir='ltr'><strong>ratio</strong></span> <span class='ocrx_word' id='word_1_214' title='bbox 789 3682 896 3765; x_wconf 78' lang='lat' dir='ltr'><strong>riguit.</strong></span> <span class='ocrx_word' id='word_1_215' title='bbox 939 3678 1057 3746; x_wconf 89' lang='lat' dir='ltr'><strong>llorum</strong></span> <span class='ocrx_word' id='word_1_216' title='bbox 1080 3680 1259 3769; x_wconf 84' lang='lat' dir='ltr'><strong>exemplum</strong></span> 
     </span>
     <span class='ocr_line' id='line_1_29' title="bbox 202 3775 1259 3883; baseline -0.002 -18"><span class='ocrx_word' id='word_1_217' title='bbox 202 3795 483 3865; x_wconf 86' lang='lat' dir='ltr'><strong>luculentissimum</strong></span> <span class='ocrx_word' id='word_1_218' title='bbox 510 3809 558 3864; x_wconf 90' lang='lat' dir='ltr'><strong>est</strong></span> <span class='ocrx_word' id='word_1_219' title='bbox 587 3775 685 3866; x_wconf 86' lang='lat' dir='ltr'><strong>sonrrs</strong></span> <span class='ocrx_word' id='word_1_220' title='bbox 712 3798 834 3864; x_wconf 90' lang='lat' dir='ltr'><strong>medius</strong></span> <span class='ocrx_word' id='word_1_221' title='bbox 861 3799 943 3862; x_wconf 88' lang='lat' dir='ltr'><strong>inter</strong></span> <span class='ocrx_word' id='word_1_222' title='bbox 970 3797 1035 3862; x_wconf 84' lang='lat' dir='ltr'><strong>iet</strong></span> <span class='ocrx_word' id='word_1_223' title='bbox 1055 3816 1097 3872; x_wconf 84' lang='lat' dir='ltr'><strong>a,</strong></span> <span class='ocrx_word' id='word_1_224' title='bbox 1131 3799 1259 3883; x_wconf 79' lang='lat' dir='ltr'><strong>agnitus</strong></span> 
     </span>
     <span class='ocr_line' id='line_1_30' title="bbox 202 3899 1334 4006; baseline -0.002 -22"><span class='ocrx_word' id='word_1_225' title='bbox 202 3917 258 3984; x_wconf 89' lang='lat' dir='ltr'><strong>ille</strong></span> <span class='ocrx_word' id='word_1_226' title='bbox 282 3915 322 3983; x_wconf 88' lang='lat' dir='ltr'><strong>ab</strong></span> <span class='ocrx_word' id='word_1_227' title='bbox 340 3917 451 3982; x_wconf 89' lang='lat' dir='ltr'><strong>artium</strong></span> <span class='ocrx_word' id='word_1_228' title='bbox 471 3917 694 4006; x_wconf 80' lang='lat' dir='ltr'><strong>scriptoribus3</strong></span> <span class='ocrx_word' id='word_1_229' title='bbox 714 3919 767 4002; x_wconf 89' lang='lat' dir='ltr'><strong>qui</strong></span> <span class='ocrx_word' id='word_1_230' title='bbox 783 3916 917 3980; x_wconf 78' lang='lat' dir='ltr'><strong>maxime</strong></span> <span class='ocrx_word' id='word_1_231' title='bbox 935 3915 1071 3979; x_wconf 79' lang='lat' dir='ltr'><strong>demitur</strong></span> <span class='ocrx_word' id='word_1_232' title='bbox 1089 3917 1124 3980; x_wconf 91' lang='lat' dir='ltr'><strong>in</strong></span> <span class='ocrx_word' id='word_1_233' title='bbox 1140 3899 1259 3982; x_wconf 73' lang='lat' dir='ltr'><strong>insitio·</strong></span> <span class='ocrx_word' id='word_1_234' title='bbox 1333 3913 1334 3934; x_wconf 24' lang='lat' dir='ltr'><strong>l</strong></span> 
     </span>
     <span class='ocr_line' id='line_1_31' title="bbox 202 4014 1259 4122; baseline -0.003 -20"><span class='ocrx_word' id='word_1_235' title='bbox 202 4035 295 4102; x_wconf 90' lang='lat' dir='ltr'><strong>nibus</strong></span> <span class='ocrx_word' id='word_1_236' title='bbox 323 4034 592 4122; x_wconf 84' lang='lat' dir='ltr'><strong>superlativorum.</strong></span> <span class='ocrx_word' id='word_1_237' title='bbox 636 4033 824 4118; x_wconf 82' lang='lat' dir='ltr'><strong>Quanquam</strong></span> <span class='ocrx_word' id='word_1_238' title='bbox 844 4030 926 4098; x_wconf 87' lang='lat' dir='ltr'><strong>bunc</strong></span> <span class='ocrx_word' id='word_1_239' title='bbox 947 4029 1072 4115; x_wconf 88' lang='lat' dir='ltr'><strong>quidem</strong></span> <span class='ocrx_word' id='word_1_240' title='bbox 1103 4014 1259 4100; x_wconf 83' lang='lat' dir='ltr'><strong>irlBruto</strong></span> 
     </span>
     <span class='ocr_line' id='line_1_32' title="bbox 204 4146 1332 4240; baseline -0.004 -20"><span class='ocrx_word' id='word_1_241' title='bbox 204 4173 328 4240; x_wconf 90' lang='lat' dir='ltr'><strong>semper</strong></span> <span class='ocrx_word' id='word_1_242' title='bbox 348 4155 380 4218; x_wconf 92' lang='lat' dir='ltr'><strong>iu</strong></span> <span class='ocrx_word' id='word_1_243' title='bbox 400 4173 493 4218; x_wconf 83' lang='lat' dir='ltr'><strong>amas</strong></span> <span class='ocrx_word' id='word_1_244' title='bbox 515 4157 601 4220; x_wconf 85' lang='lat' dir='ltr'><strong>exire</strong></span> <span class='ocrx_word' id='word_1_245' title='bbox 624 4152 721 4228; x_wconf 86' lang='lat' dir='ltr'><strong>iussi,</strong></span> <span class='ocrx_word' id='word_1_246' title='bbox 744 4151 820 4235; x_wconf 86' lang='lat' dir='ltr'><strong>quia</strong></span> <span class='ocrx_word' id='word_1_247' title='bbox 839 4146 919 4212; x_wconf 89' lang='lat' dir='ltr'><strong>baec</strong></span> <span class='ocrx_word' id='word_1_248' title='bbox 937 4150 1117 4217; x_wconf 88' lang='lat' dir='ltr'><strong>terminatio</strong></span> <span class='ocrx_word' id='word_1_249' title='bbox 1138 4161 1260 4219; x_wconf 88' lang='lat' dir='ltr'><strong>tantum</strong></span> <span class='ocrx_word' id='word_1_250' title='bbox 1331 4149 1332 4184; x_wconf 80' lang='lat'>³</span> 
     </span>
     <span class='ocr_line' id='line_1_33' title="bbox 202 4241 1260 4350; baseline -0.002 -12"><span class='ocrx_word' id='word_1_251' title='bbox 202 4291 266 4339; x_wconf 89' lang='lat' dir='ltr'><strong>non</strong></span> <span class='ocrx_word' id='word_1_252' title='bbox 287 4270 360 4338; x_wconf 87' lang='lat' dir='ltr'><strong>sola</strong></span> <span class='ocrx_word' id='word_1_253' title='bbox 381 4280 483 4338; x_wconf 83' lang='lat' dir='ltr'><strong>exstat</strong></span> <span class='ocrx_word' id='word_1_254' title='bbox 506 4241 639 4337; x_wconf 63' lang='lat' dir='ltr'><strong>in‘Veu.</strong></span> <span class='ocrx_word' id='word_1_255' title='bbox 663 4260 693 4332; x_wconf 85' lang='lat' dir='ltr'><strong>l&#39;.</strong></span> <span class='ocrx_word' id='word_1_256' title='bbox 723 4263 825 4334; x_wconf 91' lang='lat' dir='ltr'><strong>Ottob.</strong></span> <span class='ocrx_word' id='word_1_257' title='bbox 853 4261 912 4348; x_wconf 82' lang='lat' dir='ltr'><strong>Lg.</strong></span> <span class='ocrx_word' id='word_1_258' title='bbox 929 4263 960 4330; x_wconf 85' lang='grc'><strong>8.</strong></span> <span class='ocrx_word' id='word_1_259' title='bbox 981 4263 1053 4346; x_wconf 80' lang='grc'><strong>51.;</strong></span> <span class='ocrx_word' id='word_1_260' title='bbox 1081 4269 1159 4350; x_wconf 84' lang='lat' dir='ltr'><strong>sed,</strong></span> <span class='ocrx_word' id='word_1_261' title='bbox 1187 4287 1260 4336; x_wconf 88' lang='lat' dir='ltr'><strong>cum</strong></span> 
     </span>
    </p>
   </div>
   <div class='ocr_carea' id='block_1_6' title="bbox 0 0 1342 4774">
    <p class='ocr_par' dir='ltr' id='par_1_7' title="bbox 0 0 1342 4774">
     <span class='ocr_line' id='line_1_34' title="bbox 0 0 1342 4774; baseline 0 1"><span class='ocrx_word' id='word_1_262' title='bbox 0 0 1342 4774; x_wconf 95' lang='lat' dir='ltr'><strong> </strong></span> 
     </span>
    </p>
   </div>
   <div class='ocr_carea' id='block_1_7' title="bbox 1333 0 1341 1665">
    <p class='ocr_par' dir='ltr' id='par_1_8' title="bbox 1333 0 1341 1665">
     <span class='ocr_line' id='line_1_35' title="bbox 1333 0 1341 1665; baseline 0 0"><span class='ocrx_word' id='word_1_263' title='bbox 1333 0 1341 1665; x_wconf 95' lang='lat' dir='ltr'><strong> </strong></span> 
     </span>
    </p>
   </div>
  </div>
 </body>
</html>
