2640 4780
198 421 299 496 204
593 415 852 487 CICERONIS

198 599 318 669 essent,
340 586 522 678 probabiles
544 596 648 655 tamen
663 588 838 668 industria3
859 607 1036 676 quanquam
1051 587 1101 655 his
1119 589 1241 676 quidem

198 729 263 776 non
292 709 416 774 omuino
449 710 625 793 ingenium,
658 708 715 774 sed
748 707 918 775 oratorium
949 709 1109 792 ingenium
1137 707 1240 774 defuit.
1302 749 1303 756 κ

198 823 306 913 Neque
324 828 406 893 enim
420 827 518 893 refert
537 826 645 893 videre
664 826 737 912 quid
755 826 918 892 dicendum
936 827 991 904 sit,
1013 828 1076 891 nisi
1093 825 1127 892 id
1146 846 1242 912 queas

198 945 299 1012 solute
322 955 351 1010 et
373 947 513 1012 suaviter
533 945 648 1012 dicere.
678 964 719 1010 ne
740 944 774 1010 id
794 943 919 1031 quidem
941 946 1019 1010 satis
1035 953 1101 1023 est,
1121 945 1186 1010 nisi
1202 945 1241 1023 id,

198 1064 280 1152 quod
304 1064 430 1142 dicitur,
452 1063 485 1130 it
504 1083 582 1131 voce
598 1063 684 1129 vultu
703 1073 847 1150 motuque
870 1063 1034 1130 conditius.
1069 1062 1143 1128 111.
1163 1061 1243 1141 Quid

198 1182 301 1250 dicam
328 1201 404 1270 opus
435 1201 508 1248 esse
530 1182 693 1249 doctrinat
726 1184 794 1248 sine
818 1201 879 1268 qua
901 1183 995 1247 etiam
1017 1183 1045 1246 si
1067 1181 1142 1267 quid
1163 1179 1241 1246 hene

200 1300 311 1366 dicitur
331 1299 497 1366 adiuuante
513 1309 640 1377 natura,
662 1310 767 1366 temen
788 1299 835 1378 id,
858 1301 932 1385 quia
950 1299 1075 1366 fortuito
1093 1299 1140 1377 iit,
1164 1318 1244 1365 sem-

196 1438 255 1506 per
271 1427 413 1505 paratum
435 1436 508 1482 esse
529 1435 592 1483 uon
612 1427 723 1504 potest.
765 1415 801 1482 ln
819 1415 933 1483 Scauri
956 1419 1097 1484 oratioue
1119 1419 1243 1504 sapien-

197 1539 239 1602 tis
260 1535 396 1602 hominis
418 1544 449 1600 et
470 1537 549 1602 recti
569 1537 711 1620 maritas
733 1555 854 1602 summa
876 1545 905 1601 et
920 1534 1075 1602 naturalis
1090 1535 1243 1622 quaedam

197 1655 300 1719 inerat
322 1655 506 1732 auctoritas,
528 1673 592 1720 non
612 1663 645 1719 ut
666 1673 810 1732 causam,
835 1653 892 1720 sed
912 1661 945 1719 ut
966 1655 1173 1720 testimenium
1194 1653 1242 1718 di-

199 1791 271 1838 cere
304 1781 445 1859 putares,
478 1791 546 1838 cum
578 1791 634 1858 pro
660 1791 716 1839 reo
746 1771 873 1838 diceret.
923 1771 994 1838 112.
1025 1769 1092 1838 Hoc
1119 1771 1242 1838 dicendi

198 1907 298 1976 genus
321 1889 361 1955 ad
381 1891 557 1976 patrocinia
578 1889 777 1956 mediocriter
798 1899 901 1976 aptum
920 1889 1102 1969 videbatur,
1129 1889 1172 1955 ad
1193 1909 1239 1955 se·
1305 1909 1306 1928 ³

197 2009 353 2075 materiam
385 2024 462 2074 vero
490 2009 689 2086 sententiam,
719 2009 807 2074 cuius
836 2017 903 2074 enat
929 2007 984 2073 ille
1005 2010 1166 2094 princeps,
1193 2007 1242 2073 vel

197 2144 348 2194 maxume.
393 2123 591 2210 significabat
618 2127 701 2192 enim
726 2145 790 2192 non
814 2127 1010 2212 prudentiam
1031 2125 1149 2204 solum,
1178 2125 1239 2202 sed,

197 2245 280 2331 quod
300 2263 442 2309 maxume
463 2263 531 2309 rem
552 2243 743 2322 continebat,
766 2243 867 2310 idem.
899 2242 1037 2310 hahebat
1060 2242 1122 2310 hec
1145 2261 1239 2308 ane-

150 2434 156 2442 ,
196 2371 267 2427 tura
285 2363 371 2447 ipsa,
394 2361 477 2446 qued
503 2361 687 2428 adoctrina
707 2382 770 2429 non
791 2361 886 2428 facile
905 2371 1022 2448 posset.
1066 2381 1238 2448 quanquam
1306 2329 1307 2374 ³

197 2477 289 2546 ¹¹¹¹i¹¹⁸
311 2496 433 2564 ‘1¹¹⁰‘111e
454 2479 632 2564 ἰ1180181θὶ,
655 2499 745 2566 wem
769 2480 810 2546 ad
831 2480 955 2548 modum
976 2481 1056 2559 scis,
1075 2488 1238 2567 praecepta

262 2695 307 2737 110.
334 2694 382 2750 aas]
397 2695 433 2739 aa.

196 2863 372 2938 quidusdam
389 2864 551 2920 laudandis
568 2865 856 2940 uiris-prolubllls
869 2869 919 2922 &e
948 2862 1069 2922 Oreiiius
1087 2862 1235 2938 refingebat

195 2952 285 3007 iocum
301 2952 355 3006 sic:
376 2954 408 3005 lo
426 2950 531 3022 quihus
548 2951 729 3008 laudabatur
746 2957 824 3018 latre,
844 2955 968 3007 etiamsi
982 2955 1114 3006 maulml
1132 2953 1237 3024 inperii
1307 2977 1308 3020 3

196 3053 257 3092 noe
272 3043 384 3100 essent,
399 3035 569 3109 probabilis
587 3045 688 3092 tamen
699 3037 866 3101 industrius
886 3038 929 3091 cui
941 3044 1017 3092 recte
1028 3037 1120 3090 locum
1134 3037 1236 3090 minime
1307 3037 1308 3096 j

197 3129 289 3192 aptum
306 3121 458 3193 'particulae
481 3128 583 3175 tamea
605 3123 697 3177 obiicit
718 3121 892 3192 Bernhardy.
927 3122 985 3176 Sed
1006 3121 1078 3176 idem
1089 3111 1158 3176 ‘non
1180 3137 1235 3192 per·
1306 3121 1308 3180 ἕ

78 3259 83 3271 ,
195 3207 307 3274 suadet,
324 3224 385 3260 cunr
403 3207 563 3276 scripturam
579 3217 701 3262 nostram
718 3225 774 3261 non
792 3225 852 3262 eam
867 3205 1022 3260 facilitatem
1036 3205 1234 3277 compositionis

196 3289 502 3357 nonamdecimam,
522 3308 601 3360 quam
620 3294 722 3362 parsit
740 3291 956 3349 aciceronianis
975 3291 1132 3345 desiderare
1151 3308 1235 3361 quam·

194 3378 238 3432 vis
264 3375 348 3448 paulo
372 3375 552 3446 negligentius
574 3375 649 3430 lusis.
687 3378 769 3432 Certe
792 3377 953 3446 compositio
976 3376 1059 3446 longe
1083 3377 1235 3430 dissolutior

196 3462 343 3532 duriorque
361 3468 402 3516 est
419 3460 467 3526 30,
482 3459 538 3514 ild.
558 3468 586 3514 st
600 3460 649 3527 33,
664 3462 768 3517 110-
787 3463 898 3534 inperat]
917 3460 968 3532 hg.
980 3461 1005 3515 8.
1020 3461 1062 3514 51.
1083 3460 1154 3515 Ven.
1169 3461 1192 3514 1.
1205 3488 1235 3499 -

195 3543 243 3602 lats
256 3547 389 3616 quidem]
407 3545 444 3600 ed
456 3545 522 3600 Ero.
541 3563 626 3616 usque
643 3551 683 3602 iis
699 3547 870 3602 scribebatur
887 3547 969 3616 piane
982 3547 1111 3600 barbare.
1139 3545 1235 3600 Verum

195 3631 371 3699 suppeditant
395 3630 447 3684 (du.
467 3633 490 3684 l.
518 3629 569 3701 Lg.
587 3631 614 3686 8.
631 3632 674 3686 30.
691 3633 732 3687 51.
752 3632 795 3686 53.
814 3632 856 3686 56.
875 3632 917 3686 58.
934 3631 977 3686 08.
996 3631 1038 3685 70.
1061 3659 1096 3669 —-
1127 3629 1174 3699 fil]
1200 3631 1235 3682 sic

196 3713 240 3769 ed.
256 3731 297 3782 pr.
315 3713 366 3784 Lg.
378 3713 403 3768 8.
419 3713 462 3767 35.
476 3714 518 3768 39.
537 3717 578 3770 51.
594 3716 635 3771 53.
651 3717 694 3772 50.
710 3718 752 3772 58.
772 3717 814 3770 70.
840 3717 910 3771 Ven.
930 3716 954 3770 1.
980 3713 1038 3770 oo.
1067 3714 1118 3768 Ga.
1138 3716 1162 3769 1.
1195 3716 1235 3768 sle

196 3798 258 3852 Asc.
275 3796 372 3852 Lamb.
390 3826 424 3836 -
449 3798 542 3868 uoltu]
561 3799 611 3872 ng.
629 3801 654 3856 8.
672 3802 714 3856 35.
733 3802 775 3857 30.
795 3803 836 3857 51.
854 3802 896 3856 53.
914 3801 956 3856 58.
974 3801 1015 3855 70.
1042 3799 1113 3854 Veu.
1134 3802 1158 3855 l.

268 3898 325 3952 111.
362 3899 446 3966 recti]
466 3904 537 3955 tecll
553 3900 603 3974 hg.
616 3903 641 3957 Β.
656 3903 690 3956 35
702 3921 774 3959 corr.
799 3903 871 3958 Ven.
887 3905 910 3959 1.
929 3903 954 3957 2.
969 3933 1004 3943 -
1026 3919 1095 3956 eum
1107 3919 1170 3975 pro
1188 3917 1235 3954 reo

196 3985 319 4053 diceret]
339 4001 392 4039 om.
411 3983 462 4038 Gu.
483 3985 505 4040 1.
524 3986 568 4041 ed.
587 4005 627 4058 pr.
646 3988 806 4044 Schneider.
825 3989 890 4043 Sch.
925 3987 1091 4057 Bernhardy
1109 3987 1169 4041 vuit
1180 4003 1235 4061 pro

195 4088 227 4125 se
239 4088 307 4134 reo,
325 4067 467 4126 affirmans
482 4072 663 4126 demonstrari
680 4091 734 4128 non
750 4092 833 4146 posse
845 4075 977 4128 Scaurum
995 4089 1046 4142 pro
1059 4072 1115 4126 alio
1128 4072 1235 4133 dixisse,

196 4171 276 4224 quarn
293 4173 345 4225 pre
362 4173 395 4212 se
413 4157 494 4212 toties
512 4159 540 4211 in
560 4157 687 4212 iudicium
705 4167 814 4214 vocato.
843 4159 909 4214 Non
928 4172 1038 4228 sequor.
1072 4156 1235 4216 Quantulum

197 4239 268 4296 euim
286 4249 343 4308 est,
364 4241 439 4312 quod
456 4242 492 4297 de
511 4241 674 4302 dictionibus
692 4253 832 4303 oratorum
851 4243 1031 4316 antiquiorum
1047 4241 1146 4298 scitur!
