2646 4772
256 362 319 430 AD
340 361 428 432 cic,
450 363 654 434 BRU'l’UM
676 363 767 434 (tue.
789 367 840 434 20.
985 368 1074 440 851

47 533 182 595 nicatius
212 545 306 597 cutam
338 535 495 600 referenda
526 544 594 634 sunt
625 537 664 601 ad
691 539 796 622 priora
819 535 875 601 illa
905 559 1075 622 normaque

46 633 125 693 eodm
144 636 214 712 fata·
236 638 279 701 sic
300 656 359 702 non
382 657 455 721 opus
476 643 525 720 qut
546 637 647 701 delere
669 657 733 702 cum
754 639 890 704 Ernesto.

114 775 220 832 arctior
246 773 394 852 wordum]
424 775 531 836 hortor
559 773 681 850 orellii,
711 777 831 836 sicodor
856 775 969 850 Pelori,
998 775 1072 838 haec

45 867 143 946 quidem
170 872 257 954 plane
285 873 418 936 barbara
447 873 625 938 coniectura.
667 875 758 939 Recte
783 876 925 940 Ernestus
954 875 985 938 iu
1011 873 1070 938 lex.

44 970 151 1034 techuol.
179 974 215 1036 de
244 992 280 1037 eo
309 973 425 1038 dicendi
451 993 562 1056 genere
586 975 811 1058 interpretatur,
840 975 919 1058 quod
948 976 1072 1038 nitorem

43 1071 169 1148 quandam
190 1083 218 1138 et
241 1075 415 1138 elocutionis
436 1076 614 1156 elegantiam
637 1077 776 1141 asciverit
793 1077 921 1140 alienam
939 1077 976 1141 ah
994 1077 1071 1140 anti-

42 1171 144 1249 quitatis
164 1177 315 1258 squalore.
344 1177 435 1242 Addit
449 1175 622 1257 Bernhardy
643 1177 741 1241 locum
763 1195 829 1262 epp.
847 1178 886 1241 ad
900 1181 959 1242 Att.
976 1177 1013 1242 11.
1031 1180 1070 1254 1.,

41 1288 88 1349 quo
112 1293 142 1338 se
166 1278 197 1340 iu
220 1285 392 1342 ornamenta
419 1277 563 1342 orationis
585 1275 801 1362 consumpsisse
828 1279 870 1341 ait
895 1287 985 1340 totum
1004 1282 1070 1339 Iso-

40 1377 113 1434 cratis
131 1373 341 1464 μυροθήκιον
362 1389 446 1460 atqcue
467 1399 563 1440 octoas
582 1379 783 1459 discipulomrm
805 1379 929 1442 arculas.

109 1510 157 1571 ltoc
176 1515 318 1592 praetore]
342 1533 371 1578 a.
389 1513 461 1580 585.
505 1511 551 1577 De
567 1513 662 1578 literis
679 1513 806 1597 Sulpicii
825 1513 905 1578 Galli
918 1531 946 1577 v.
961 1509 999 1576 tle
1015 1511 1067 1576 Or.

37 1604 122 1684 155,
143 1617 216 1676 227.
259 1616 386 1691 Annum,
409 1633 467 1698 quo
488 1615 600 1680 Ennius
621 1624 752 1680 mortuns
773 1623 833 1691 est,
855 1620 994 1678 accurate
1015 1611 1068 1675 de-

37 1703 86 1770 duit
105 1711 207 1779 Gicero
232 1715 345 1779 Getone
366 1717 401 1792 5,
424 1719 490 1792 14.;
511 1717 705 1796 Hieronymus
726 1717 860 1798 sequenti
881 1715 1024 1792 assignat.

106 1849 155 1910 79.
201 1853 247 1910 ht.
271 1851 416 1912 maestus
437 1853 471 1909 Ρ.
488 1850 532 1928 ht]
555 1857 636 1913 recte
657 1847 774 1914 codices
796 1867 860 1912 cum
875 1847 973 1910 Fastis
996 1861 1067 1908 cou-

35 1943 180 2025 spirautes;
209 1949 262 2013 sed
289 1969 361 2014 saue
383 1951 544 2014 dubitatum
566 1957 611 2013 est
637 1949 674 2013 de
695 1951 789 2032 patris
810 1948 1000 2031 praenomine
1028 1945 1066 2008 ah

34 2043 82 2120 eis,
109 2050 159 2130 qui
185 2049 278 2114 hlium
306 2051 353 2115 Ti.
377 2053 503 2116 Gracchi
530 2051 576 2114 his
603 2049 733 2115 consulis
761 2050 841 2112 hello
869 2047 1066 2113 llauuihalico

33 2149 176 2222 putuhaut:
198 2171 227 2216 v.
244 2150 339 2236 lutpp.
361 2154 441 2217 Liuii
455 2152 535 2216 XLl.
550 2153 585 2228 8,
603 2155 631 2215 l.
675 2150 731 2214 llle
753 2149 857 2213 consul
876 2149 933 2212 fuit
954 2167 982 2210 a
1002 2147 1064 2212 577

33 2252 56 2306 et
73 2247 147 2328 591,
176 2269 283 2317 censor
309 2272 337 2316 a.
358 2254 431 2318 585.
472 2254 507 2320 V.
533 2251 628 2335 lntpp.
656 2249 926 2334 9919190919,
949 2249 1000 2313 38.
1025 2283 1063 2296 -

31 2348 57 2404 P·
73 2351 165 2430 septo
185 2357 297 2416 Nostro
315 2355 464 2416 Corculum
486 2353 589 2418 consul
608 2351 664 2416 init
686 2371 714 2416 a.
734 2354 796 2417 592
816 2359 844 2416 et
860 2352 937 2428 599,
960 2368 1066 2414 censor

32 2463 53 2507 a.
67 2449 136 2517 595.
168 2455 198 2518 Is
220 2454 257 2518 de
274 2455 355 2519 hello
371 2457 510 2534 Persico,
533 2455 581 2518 oui
600 2455 746 2530 interfuit,
769 2455 883 2518 Graece
904 2454 1066 2536 scripserat

29 2543 107 2631 πρός
133 2575 208 2619 τινα
235 2555 300 2620 τῶν
327 2555 507 2639 βασιλέων,
538 2564 571 2620 ut
602 2558 645 2620 ait
670 2556 845 2622 Plutarchus
877 2555 909 2618 in
937 2552 1066 2618 Aemilio

28 2645 111 2715 Paulo
135 2655 249 2731 9.15.;
277 2656 317 2721 ad
335 2659 535 2723 Ptolemaeum
563 2660 664 2740 cogita
684 2659 813 2740 Aegypti
837 2655 886 2721 uel
906 2657 1066 2719 Eumenem

26 2746 159 2833 Pergami
179 2775 290 2837 regem.
308 2791 349 2804 —
372 2765 407 2820 L.
423 2762 561 2819 Leucados
581 2761 718 2839 princeps
741 2765 859 2820 senatus
882 2756 1066 2818 consulatum

26 2855 110 2928 gessit
136 2877 165 2919 a.
188 2859 267 2934 598,
296 2859 329 2929 Q.
351 2859 483 2918 Nobilior
508 2859 632 2920 9691.
674 2857 765 2918 Pater
792 2857 855 2918 eius
876 2855 921 2918 Μ.
942 2853 1065 2918 Fuluius

25 2967 77 3016 cos.
102 2957 169 3020 585
198 2976 262 3019 cum
289 2956 401 3018 bellum
428 2958 460 3018 in
484 2955 607 3019 Aetolos
635 2963 767 3036 gereret,
797 2963 915 3038 poetam
939 2953 1065 3017 Ennium

24 3069 116 3118 secum
139 3055 235 3132 duxit,
257 3056 336 3138 quod
357 3059 385 3120 ei
407 3057 515 3120 acerhe
536 3057 645 3120 obiecit
666 3055 1064 3136 Gato;idemposttr1nm·

22 3155 104 3234 plum
130 3155 229 3218 Musis
256 3156 394 3240 templum
422 3157 584 3233 dedicauit,
618 3176 682 3221 cum
711 3175 749 3222 ex
773 3157 933 3221 Ambracia
958 3156 1064 3220 Musas

23 3257 143 3320 aZeuxi
158 3257 253 3339 pictas
265 3257 387 3322 Romam
403 3259 613 3324 transtulisset:
631 3279 660 3324 u.
677 3260 755 3324 Plin.
771 3257 806 3322 ll.
820 3259 856 3322 N.
867 3257 991 3324 XXXV.
1004 3259 1064 3334 lc,

23 3349 81 3420 (iic.
102 3379 132 3442 p.
156 3359 267 3422 Archia
289 3363 355 3436 11.;
382 3361 452 3442 quin
477 3360 583 3424 Fastos
610 3363 767 3444 scripsisse
795 3369 823 3424 et
851 3361 882 3423 iu
907 3360 963 3422 illa
990 3357 1064 3422 aede

22 3461 155 3538 posuisse
179 3459 285 3524 dicitnr
310 3461 605 3537 Μ999919198991.
631 3466 694 3539 12.;
722 3464 830 3526 lihrum
858 3465 1065 3524 commemorat

23 3561 106 3622 etiam
132 3560 285 3625 Charisius
310 3581 341 3646 p.
363 3565 434 3627 112.
476 3563 523 3626 De
547 3563 671 3626 coloniis
701 3563 777 3640 aQ.
798 3562 904 3626 Fultic
931 3559 1063 3624 deductis

21 3659 155 3725 Potentia
171 3663 197 3726 dc
212 3665 339 3728 Pisauro
357 3684 387 3729 u.
402 3665 468 3728 Liu.
485 3663 626 3728 XXXIX.
642 3665 694 3726 44.
713 3701 751 3710 -
776 3667 810 3726 Τ.
824 3664 937 3722 Aonius
951 3663 1063 3722 1999999

22 3778 78 3825 cos.
101 3784 129 3827 a.
153 3767 215 3828 691
243 3766 376 3844 gracilem
395 3767 427 3828 iu
448 3765 495 3828 Ti.
517 3765 680 3829 Gracchum
701 3766 885 3829 contionatus
907 3770 952 3826 est
971 3761 1063 3824 nullis

22 3865 80 3926 eius
91 3867 178 3930 minis
188 3873 360 3930 commotus:
377 3887 405 3932 u.
417 3867 482 3931 Liu.
495 3867 563 3948 epit.
575 3865 677 3931 LVlll.
698 3867 775 3930 Plut.
788 3863 835 3928 Ti.
850 3865 983 3929 Graccho
997 3864 1062 3936 144

21 3968 160 4030 orationis
181 3968 357 4049 particulam
378 3967 507 4032 seruauit
526 3966 630 4029 Festus
650 3987 678 4032 u.
700 3969 817 4058 Satara.
858 3963 940 4026 llaec
960 3961 1062 4043 plera·

21 4081 74 4146 que
97 4069 223 4148 Meyero
245 4069 387 4133 debentur
415 4087 514 4132 rerum
534 4067 739 4132 historicarum
752 4055 753 4059 ’
766 4061 971 4142 iuuesdgatori
992 4059 1061 4124 dili·

21 4171 199 4244 geutissimo.
242 4171 288 4235 De
309 4176 345 4232 1.
367 4173 459 4232 Paulo
480 4167 582 4235 Persei
603 4169 715 4237 uictore
734 4172 805 4230 notu
825 4170 892 4228 suut
912 4161 1018 4227 omnia.
