2660 4776
373 417 567 490 BR'UTUS
596 423 687 496 GAP.
708 427 739 496 8.
991 435 1081 515 loo

47 599 89 646 res
116 579 302 650 Alcibiades
332 583 448 656 Critias
479 589 711 665 Theramenes:
744 584 857 684 quibus
889 604 1079 690 temporibus

46 698 115 782 quod
145 698 270 768 dicendi
296 721 397 790 genus
425 710 561 796 viguerit
586 733 626 780 ex
652 711 830 802 Thucydidi
856 721 995 807 seriptis,
1026 727 1079 812 qui

44 815 100 900 ipse
127 826 190 884 tum
216 819 287 900 luit,
320 824 463 913 intellegi
488 847 630 898 maxume
656 841 768 920 potest.
817 832 961 904 Grandes
988 851 1078 910 erant

43 931 147 1013 verbis,
178 937 284 1006 crebri
312 947 490 1026 sententiis,
514 949 752 1038 ‘compressione
779 971 883 1022 rerum
909 955 1023 1026 breves
1046 969 1077 1028 et

42 1048 158 1120 obeam
179 1057 282 1143 ipsam
303 1078 433 1128 oausam
454 1065 607 1132 interdurn
629 1067 826 1138 subobscuri.
900 1134 903 1142 .

111 1168 188 1238 Vlll.
218 1175 271 1240 30.
299 1173 364 1244 Sed
392 1190 425 1248 ut
446 1183 636 1252 intellectum
658 1195 706 1254 est
724 1198 871 1274 quantam
891 1192 955 1260 vim
975 1191 1074 1264 habe-

39 1295 77 1350 ret
105 1301 254 1360 accurata
280 1305 311 1362 et
338 1296 424 1366 iacta
451 1300 585 1388 quodam
614 1303 707 1372 modo
735 1307 852 1386 oratio,
884 1316 948 1376 tum
977 1313 1073 1380 etiam

39 1407 166 1489 magistri
188 1411 316 1480 dicendi
337 1415 424 1484 multi
445 1417 547 1487 subito
564 1423 755 1490 exstiterunt.
799 1422 881 1492 Tum
898 1423 1073 1498 Leontinus

39 1518 174 1610 Gorgias,
199 1527 457 1618 Thrasymachus
480 1535 726 1632 Calchedonius,
747 1540 941 1630 Protagoras
962 1545 1071 1616 Abde-

36 1639 112 1720 rites,
141 1642 297 1716 Prodicus
325 1648 422 1732 Ceus,
452 1652 582 1744 Hippias
612 1655 710 1726 Eleus
742 1662 775 1726 in
806 1660 926 1730 honore
953 1684 1069 1751 magno

36 1755 98 1838 iuit;
136 1762 256 1854 aliique
289 1768 376 1836 multi
407 1773 597 1862 temporibus
630 1777 750 1844 eisdem
783 1778 896 1846 dooere
929 1801 965 1848 se
996 1803 1070 1870 pro-

36 1871 200 1962 habentur,¹
237 1887 470 1972 arrogantibus·
491 1909 568 1958 sane
593 1893 722 1974 uerbis,
755 1917 850 1982 quern
876 1897 1070 1994 admodum

37 2009 121 2064 eausa
145 2001 280 2072 inferior
302 2007 363 2086 (ita
384 2009 467 2073 enim
487 2008 708 2095 loquebantur)
731 2012 864 2094 dicendo
885 2014 952 2080 lieri
976 2036 1069 2104 supe·

35 2110 87 2177 rior
108 2130 227 2204 posset.
275 2122 327 2188 31.
354 2122 412 2190 llis
441 2129 584 2216 opposuit
611 2147 683 2194 sese
709 2127 881 2210 Socrates,
911 2135 965 2218 qui
993 2133 1069 2200 sub-

33 2227 126 2298 tilitate
139 2287 144 2298 .
158 2239 296 2324 quadan
318 2241 497 2330 disputandi
517 2245 665 2314 refellere
689 2267 798 2316 eorum
818 2249 960 2348 instituta
981 2251 1067 2320 sole-

34 2341 76 2412 bat
101 2355 240 2438 [verbisl
284 2357 383 2428 liunus
405 2382 445 2430 ou
465 2363 640 2434 uberrumis
662 2366 861 2434 sermonibus
883 2373 1067 2438 exstiterunt

33 2461 199 2542 doctissumi
223 2477 298 2604 viri:
326 2482 517 2584 primumque
538 2493 602 2552 turn
622 2485 836 2574 philosophia,
858 2507 924 2556 uon
944 2488 1003 2556 illa
1025 2488 1064 2558 de

81 2651 112 2698 311.
141 2656 321 2717 Calchedonius]
337 2627 508 2710 chalcedonius.

80 2721 110 2765 31.
137 2725 188 2782 his]
202 2729 239 2772 iis.
252 2751 279 2760 -
298 2731 385 2788 verbis]
400 2737 449 2778 sine
465 2737 535 2779 uuela
549 2757 576 2770 -
595 2737 705 2796 digressa]
719 2739 831 2794 demessi.

33 2867 246 2950 Calchedonius]
264 2885 304 2936 sic
324 2883 375 2956 ug.
394 2887 419 2942 8.
438 2886 480 2942 35.
500 2887 542 2942 39.
557 2888 599 2942 51.
617 2889 660 2944 53.
675 2889 718 2944 58.
743 2889 815 2945 Ven.
833 2889 856 2943 1.
877 2885 973 2944 ottob.
990 2889 1063 2944 Bell.

33 2951 152 3019 chalced.
172 2973 219 3020 aut
239 2965 373 3033 Galeed„
395 2971 477 3024 etiarn
498 2969 671 3036 Chalebed.,
694 2982 723 3027 ut
740 2973 790 3044 hg.
809 2974 850 3028 70.
876 2974 939 3028 Vat.
974 2973 1063 3028 Recta

29 3042 148 3114 reriprura
166 3052 249 3104 etiam
265 3053 293 3104 ln
311 3053 394 3107 titulis
415 3058 587 3122 servata,'v.
607 3065 626 3110 t.
644 3055 665 3112 l.
683 3075 710 3128 p.
727 3058 783 3112 148.
803 3075 829 3112 ιι.
847 3057 906 3112 545.
924 3055 1013 3114 Orell.
1026 3087 1064 3100 ·-

30 3123 182 3202 Abderites]
199 3133 344 3192 Abderita
359 3137 409 3209 bg.
426 3139 468 3193 53.
482 3135 523 3194 70.
547 3136 621 3207 Oto,
639 3157 674 3196 ex
688 3140 853 3202 Abderitas,
866 3151 968 3215 ortum,
987 3143 1063 3212 quoti

29 3206 49 3261 11
63 3217 220 3283 quibusdam
237 3220 313 3276 libris
330 3231 380 3278 est.
391 3253 427 3263 -
447 3223 531 3294 Ceus]
551 3223 757 3300 conessum.
774 3227 824 3300 lug.
839 3227 880 3284 ho.
892 3226 934 3282 35.
949 3227 984 3282 33
1001 3243 1063 3282 cum

29 3306 74 3351 var.
90 3307 186 3370 seius,
205 3305 247 3361 53.
265 3306 307 3364 511.
326 3309 367 3364 68.
386 3309 427 3364 70.
454 3309 523 3366 Veri.
538 3310 563 3366 3.
588 3314 743 3386 'prodigas
761 3317 857 3369 eseias
874 3311 926 3366 Gu.
944 3312 967 3368 1.
991 3311 1061 3368 Rell.

32 3376 121 3449 Ceio„
147 3389 182 3444 es.
206 3391 388 3464 Epicureios
411 3413 434 3449 e.
458 3395 507 3462 ³5,
533 3395 591 3452 131.
614 3397 671 3454 lon.
706 3397 813 3454 Eadem
837 3397 994 3468 corruptela
1018 3405 1062 3451 est

29 3459 55 3516 N·
67 3467 99 3525 D.
118 3472 139 3528 l.
152 3475 202 3543 ni,
217 3476 275 3532 118.
287 3507 322 3520 -
340 3479 442 3550 Eleus]
462 3481 549 3538 Elius
566 3483 636 3538 Veri.
650 3483 675 3540 2.
711 3483 813 3539 Eleius
829 3481 880 3554 Lg.
899 3491 1011 3551 praeter
1026 3481 1061 3535 35

29 3546 56 3612 (³⁸
67 3557 176 3630 epilog}
190 3569 218 3616 et
229 3563 356 3642 5,(1.,’(]ιι1Ι
367 3565 480 3622 Theious.
515 3567 560 3622 Ea
577 3569 666 3622 iorma
684 3585 720 3622 ex
737 3587 753 3620 e
771 3578 799 3622 et
815 3571 829 3622 i
843 3566 979 3635 scriptura
996 3581 1060 3620 con·

28 3629 91 3768 {¹⁸³3
116 3661 169 3699 nec
190 3647 276 3702 miuus
293 3648 365 3705 bene
382 3653 549 3708 scriberetur
570 3651 640 3707 Cius
656 3660 685 3706 et
701 3651 796 3708 Elium
813 3663 850 3696 ·-'
880 3652 985 3720 eausa]
1007 3669 1059 3706 om.

49 3736 70 3774 u.
90 3724 111 3780 l.
149 3775 172 3780 ,,
276 3776 279 3781 ,
323 3767 326 3774 .
358 3757 371 3787 ,-

84 3807 123 3866 31·
158 3813 227 3884 Has]
240 3818 280 3872 sic
293 3836 347 3888 pro
357 3819 429 3892 vulg.
440 3825 479 3876 iis
487 3821 538 3894 Lg.
548 3829 658 3892 praeter
667 3821 723 3888 35.,
735 3821 881 3884 iternlieu.¹
889 3821 913 3876 1.
926 3821 981 3876 Gu.
994 3821 1057 3874 l.—

29 3887 187 3968 obtruncate]
202 3900 384 3958 sublimitate
392 3904 443 3976 Lg.
453 3905 496 3961 20.
507 3937 542 3946 -
558 3902 695 3977 refellere
705 3906 830 3974 solebat]
848 3901 1058 3959 adduntverbis

27 3965 76 4028 isa
92 3998 199 4052 omues,
226 4003 279 4040 nee
302 3989 340 4042 ibi
363 4006 422 4044 cum
440 3987 721 4060 Orellio'putaverim
738 3991 828 4044 latere
845 3987 1055 4049 rtrhenisstme,

27 4058 68 4112 *id
87 4081 120 4121 ex
139 4072 265 4140 sequenti
288 4071 380 4129 butas
398 4075 470 4130 male
489 4075 560 4128 lecto
580 4085 669 4131 ortum
692 4076 833 4138 existim03
857 4072 939 4126 simili
959 4087 1056 4170 errore

28 4138 77 4199 edel,
100 4155 233 4222 quaedam
256 4157 385 4228 antiquae
408 4163 456 4216 etr
476 4162 519 4224 is,
541 4157 642 4216 deiude
659 4164 742 4216 euius
764 4175 816 4231 pro
834 4155 930 4213 baius.
967 4153 1056 4212 chrs

27 4221 105 4290 clausi.
121 4269 156 4282 -·
166 4245 169 4250 '
180 4239 359 4314 aberrantis]
378 4243 433 4311 sio,
451 4251 479 4302 et
495 4259 560 4305 mox
577 4245 772 4312 doctis-semi,
790 4241 841 4316 bg.
852 4240 878 4300 8.
897 4239 1056 4304 Vsu.1.-
