2646 4772
374 427 572 500 BllU'l'llS
599 429 691 502 GAP.
713 431 765 500 75.
996 431 1098 504 m

59 609 101 670 cet
120 608 271 670 mortuus:
303 599 337 669 in
358 619 419 687 quo
445 600 549 668 fateor
566 599 655 688 uolgi
678 601 827 676 luulieium
849 617 869 666 a
890 599 1006 668 iudicio
1027 619 1099 668 mec

60 719 252 794 dissensisse.
295 715 375 792 Nom
396 718 510 807 popqu
530 737 594 788 noo
615 728 684 788 erat
705 720 784 786 satie
798 717 982 787 vendibilis:
1005 737 1100 805 prue-

60 857 125 924 cepe
146 838 316 924 quaedam,
344 847 375 909 et
403 857 472 907 cum
501 837 620 906 idcirco
653 835 808 917 obseura,
837 838 913 924 quia
937 846 1098 923 peracuta,

59 966 115 1026 tum
135 955 248 1044 rapida
267 966 299 1028 et
315 955 478 1028 celeritate
501 965 633 1026 caecato
655 957 774 1036 oratio;
797 955 854 1025 seul
874 973 976 1042 neque
991 953 1100 1022 uerbis

61 1075 203 1160 aptiorem
231 1077 294 1144 cito
315 1073 410 1148 olium
432 1074 563 1144 dixerim
587 1093 689 1162 neque
714 1075 875 1144 sententiis
897 1073 1097 1150 crebriorem.

58 1179 214 1278 pruet'orea
233 1193 389 1281 perlectus
411 1194 443 1264 iu
465 1191 567 1262 literis
589 1194 728 1280 iurisque
753 1191 856 1260 civille
879 1195 942 1258 iarn
968 1201 1098 1278 epatre

59 1309 213 1380 Aculeone
235 1311 382 1382 trculitum
402 1311 500 1380 tenuit
524 1309 732 1399 disciplinam
775 1309 849 1380 265.
874 1307 1000 1396 Reliqui
1019 1317 1100 1390 suot,

59 1430 106 1513 qui
129 1431 241 1499 mortui
269 1432 347 1509 siut,
379 1427 417 1500 L.
448 1427 643 1516 Torquatus.
674 1449 764 1520 quero
792 1439 824 1496 tu
851 1447 914 1496 ooo
942 1437 1006 1494 tam
1037 1428 1099 1494 cito

57 1544 203 1616 rhetoreon
219 1547 370 1628 dixisses,
387 1549 447 1618 etsi
462 1567 526 1620 uon
543 1548 651 1618 deerat
669 1549 787 1627 oratio,
806 1565 915 1634 quaro,
932 1555 964 1615 ut
982 1544 1099 1611 Graeci

58 1662 168 1742 licum,
192 1662 377 1736 melioratio.
420 1676 509 1736 eraut
531 1668 564 1736 in
586 1685 624 1736 eo
647 1665 808 1753 plurumae
826 1665 938 1740 literae
960 1684 1020 1732 neo
1035 1682 1098 1730 'eae

57 1783 215 1868 volgares,
243 1783 302 1854 seul
328 1786 495 1854 interiores
523 1783 678 1870 questum
706 1794 736 1854 et
763 1783 966 1862 reconditae,
991 1782 1099 1852 dirim

57 1905 202 1971 nemoris
230 1920 351 1973 summa
374 1901 542 1972 uerborum
571 1911 601 1968 et
626 1905 767 1986 gravitas
797 1912 827 1970 et
850 1901 1025 1986 elegantia3
1052 1907 1100 1966 at-

57 2032 113 2104 que·
137 2019 220 2088 laec
248 2023 354 2116 urnula
378 2021 462 2089 uitae
491 2018 663 2088 decorabat
694 2018 832 2103 dignitas
861 2029 892 2090 ct
924 2018 1100 2102 integritas,

56 2135 105 2206 Me
127 2137 254 2225 quidem
273 2137 439 2210 admodum
457 2137 636 2208 delectabat
657 2138 751 2215 etim
773 2133 881 2208 Triari
907 2137 941 2204 in
963 2135 1022 2212 illa
1045 2154 1101 2210 ae·

57 2265 114 2324 tate
145 2257 243 2345 plena
269 2255 414 2327 literatos
442 2257 613 2327 senectutis
641 2257 754 2326 oratio.
802 2264 919 2341 quanto
945 2256 1101 2330 seueritas

57 2373 86 2442 iu
100 2375 202 2444 uoltum
226 2384 372 2460 quantum
389 2375 510 2464 pondus
531 2377 565 2446 iu
585 2373 709 2446 rerbiul
733 2388 825 2461 ¹cunano
846 2371 925 2442 oiiil
945 2392 1010 2440 non
1025 2391 1102 2440 con-

58 2492 225 2562 sideratum
253 2492 357 2564 exibat
385 2513 424 2560 ex
445 2497 515 2561 orel
558 2493 631 2562 266.
663 2491 745 2563 Tum
765 2491 878 2584 Brutus
899 2490 1053 2578 Torquati
1071 2500 1103 2562 ot

58 2607 162 2680 Triari
195 2613 350 2680 menese
380 2621 550 2680 commotus
587 2615 759 2698 (unumque
789 2613 871 2684 eninr
903 2629 1013 2681 eorum
1045 2609 1103 2678 ad·

58 2729 179 2798 nodum
205 2727 391 2812 dilexerat),
421 2727 489 2798 Nae
517 2749 593 2814 ego,
623 2731 738 2815 iuquit,
765 2739 798 2799 ut
821 2731 960 2802 ominum
987 2738 1103 2810 cetera,

55 2977 154 3046 Seleu„
178 2977 307 3046 placitum
323 2974 453 3046 Meyero.
472 3005 506 3016 -
531 2975 655 3047 rapida]
682 2982 750 3032 etr.
770 2975 870 3042 Solum,
896 2978 974 3044 quasi
991 2977 1103 3050 rapido

56 3081 112 3118 oum
134 3061 288 3119 celeritate
304 3060 468 3130 iungendum
485 3061 528 3117 sit.
546 3090 582 3100 -
608 3061 744 3130 caecato]
763 3064 859 3115 citata
876 3061 920 3118 ed.
939 3079 981 3133 pr.

120 3231 183 3288 265.
219 3233 393 3302 quimortui
401 3231 471 3300 cini]
491 3239 559 3286 eunt
577 3230 628 3288 Gn.
640 3231 663 3289 l.
674 3229 699 3288 2.
718 3229 767 3302 Lg.
778 3229 821 3288 20.
837 3230 965 3302 placitum
974 3229 1103 3300 Meyero.

55 3319 178 3384 „Cicero
202 3319 262 3371 cunr
280 3315 428 3372 identidem
449 3315 567 3372 affirmet
591 3317 755 3372 demortuis
779 3322 882 3370 tanturm
901 3307 1055 3371 oratoribus
1072 3331 1103 3368 se

56 3405 234 3458 iudicaturum
250 3421 325 3470 esse,
341 3403 486 3457 molestum
503 3413 531 3458 et
546 3403 641 3457 inutile
654 3402 726 3456 foret
743 3402 954 3456 additamentum
968 3405 1020 3472 qui
1033 3403 1105 3454 euni

57 3487 190 3545 mortui.'
211 3483 293 3544 Nune
313 3498 402 3542 autern
421 3489 604 3544 conditionem
622 3489 700 3558 quasi
718 3497 847 3558 repetens
863 3487 927 3540 olim
945 3487 1105 3540 inculcatam

56 3575 177 3644 reliquos
199 3575 321 3630 ¹ostendit
345 3591 376 3628 se
401 3575 591 3642 collecturum,
617 3575 667 3630 sod
691 3573 811 3643 reliquos
836 3582 927 3626 tannen
951 3589 967 3624 e
993 3587 1105 3624 numero

59 3663 257 3714 mortuorum.“
283 3658 469 3730 Bernhardy.
507 3661 703 3716 Coniunctlvus
727 3660 809 3730 igitur
828 3667 870 3712 est
888 3657 1019 3712 orationis
1039 3655 1107 3711 oblis

59 3762 127 3814 quae
146 3755 173 3801 et
192 3761 227 3799 ex
244 3753 335 3800 mente
352 3746 500 3801 Ciceronis.
519 3775 554 3788 ψ-
574 3745 752 3818 plurumae]
779 3746 818 3800 olc
837 3744 888 3816 ng.
906 3743 933 3798 8,
950 3742 992 3798 35.
1012 3741 1053 3795 53.
1070 3770 1106 3781 -

58 3831 203 3901 colyores]
223 3832 263 3884 sic
279 3830 330 3902 Lg.
347 3829 372 3884 8.
390 3830 432 3884 35.
451 3831 492 3884 51.
511 3831 553 3885 53.
572 3831 613 3886 70.
641 3827 699 3886 ott.
717 3861 753 3872 ·-
778 3830 926 3902 gravitas]
945 3826 1106 3899 qrondltan

60 3911 187 3970 Orellius·
200 3943 237 3964 s-
262 3915 408 3987 arquatae]
431 3917 470 3970 sic
489 3917 532 3970 eol.
551 3933 592 3986 pr.
615 3924 643 3970 et
661 3913 718 3973 ort.
738 3915 804 3978 soli,
829 3923 858 3966 ut
877 3912 985 3980 scripsit
1002 3910 1106 3967 Remus.

60 3999 127 4054 (leti.
146 4001 226 4055 codd.
245 4006 394 4073 oronites,
413 4001 601 4064 aberrantibus
620 4001 656 4055 ad
674 4001 768 4070 priore
784 3997 910 4054 librariis.
927 4022 963 4037 ·-
994 3993 1106 4059 unam]

60 4086 98 4138 sio
116 4085 168 4157 lig.
185 4086 211 4140 8.
229 4087 271 4140 39.
288 4087 330 4142 51.
350 4087 391 4141 53.
410 4087 516 4143 onio.
550 4085 650 4142 Marii
669 4086 739 4141 Van.
755 4085 778 4140 l.
804 4081 865 4137 Vnt.
891 4080 993 4148 etlvpr.
1021 4085 1049 4130 et
1067 4077 1107 4130 ⁸5ss

62 4171 140 4224 etiam
164 4171 187 4240 5.
205 4170 265 4226 neu.
283 4201 319 4218 «-
346 4172 436 4242 eoem]
461 4171 568 4245 sic‘Lg.
584 4171 668 4228 8.-35
687 4170 728 4229 51.
747 4167 791 4226 53.
809 4166 853 4224 58.
868 4165 909 4222 68.
925 4163 966 4220 70.
994 4159 1052 4220 Oti.
1070 4189 1106 4210 m

62 4253 138 4324 nillil
153 4257 224 4324 non]
240 4257 375 4314 nonnihil
392 4258 436 4314 eol.
453 4276 494 4330 pr.
998 4291 1001 4298 ι
