2676 4774
227 425 292 496 64
386 421 535 504 attavis
557 421 855 505 ELOQUENTIAE
877 421 980 490 ROM.
1002 422 1115 490 HIST.

1333 501 1334 550 l

227 595 445 658 abhorrentium
467 595 667 658 dissimulasse
691 595 827 660 uideatur
840 591 908 676 (⁸5):
936 595 989 658 sed
1010 596 1229 676 quitationem
1251 605 1280 658 et
1313 615 1315 620 ·

228 696 381 759 eonsilium
397 714 498 759 eornm
514 697 658 758 librorum
676 699 842 758 accuratius
860 697 1084 777 introspexerit,
1106 715 1171 758 rem
1189 698 1279 778 plane

229 799 317 859 aliam
339 815 404 859 esse
425 797 583 876 intelliget.
624 798 699 860 Erat
722 799 797 859 enim
817 800 890 874 hoc,
915 805 948 858 ut
970 797 1120 877 colloquio
1145 797 1186 858 ad
1207 799 1278 860 Pla·

227 899 355 960 tonicam
387 900 532 960 rationem
565 899 696 961 instituto
733 898 806 960 duas
840 898 1004 960 carmarias
1039 897 1075 958 de
1106 897 1280 978 eloquentia

227 1001 400 1074 sententias,
424 1007 538 1061 essetne
553 999 610 1060 illa
627 1017 676 1060 ars
694 1017 733 1059 an
749 1017 819 1060 osus
837 998 954 1079 quidam
971 999 1043 1059 artis
1062 1016 1181 1080 expers,
1204 1000 1281 1060 inter
1333 1019 1334 1076 t

228 1118 260 1162 se
285 1107 480 1181 compararet.
522 1099 556 1162 ld
582 1108 614 1161 ut
636 1100 821 1178 elegantiore
842 1098 969 1180 quadarn
998 1101 1097 1180 specie
1118 1107 1279 1180 praetexe·

226 1207 324 1275 retur,
351 1201 468 1281 utrique
496 1201 656 1261 sententiae
678 1206 812 1261 oratores
840 1209 908 1261 ante
935 1219 1018 1262 suam
1038 1207 1168 1262 aetatem
1189 1220 1279 1282 praa-

228 1301 422 1364 staatissimos
446 1299 599 1381 praefecit.
643 1302 754 1364 Horum
777 1300 901 1364 Crassus
925 1301 1076 1365 Ciceronis
1105 1303 1281 1362 sententiam

228 1400 358 1462 defendit
380 1407 527 1462 oratorem
545 1418 610 1462 esse
631 1419 690 1462 non
706 1419 810 1482 posse,
832 1402 890 1462 nisi
911 1403 962 1481 qui
979 1403 1106 1464 omniurn
1122 1401 1280 1464 literarum

230 1503 369 1562 ambitum
397 1501 492 1562 studio
518 1519 570 1562 suo
596 1519 727 1562 emensas
750 1502 889 1582 quioquid
910 1503 1054 1564 bonarum
1077 1503 1186 1563 artium
1209 1503 1281 1564 sciri

228 1610 331 1682 posset
358 1610 452 1663 mente
481 1601 737 1682 complecteretur:
765 1621 842 1682 quae
864 1604 1008 1665 sententia
1035 1611 1095 1664 tam
1117 1603 1198 1684 apud
1217 1604 1282 1666 Ro·
1333 1615 1334 1676 t

229 1720 332 1764 manos
361 1721 439 1765 nora
467 1707 531 1764 erat
563 1702 685 1764 necdum
713 1722 769 1764 usu
799 1711 930 1784 recepta.
972 1703 1105 1766 Alteram
1134 1705 1281 1766 Antonias

228 1811 341 1878 tuetur,
372 1810 520 1866 oratorem
547 1820 606 1866 aon
633 1803 713 1878 fieri,
744 1803 796 1864 sed
823 1805 920 1878 nasci;
953 1804 1057 1866 literas
1086 1805 1190 1880 utiles,
1222 1823 1282 1866 non

229 1905 432 1966 necessarias:
466 1921 552 1984 mam
581 1904 687 1967 artium
718 1903 940 1966 iudicandarum
964 1907 1109 1968 rationem
1137 1906 1281 1968 Romanis

230 2005 388 2084 antiquitus
404 2005 553 2085 placuisse
573 2006 688 2066 scimus.
724 2004 810 2080 Quod
832 2006 858 2066 si
873 2007 1030 2067 Antonium
1052 2006 1283 2068 eruditissimum

228 2105 335 2180 fuisse,
364 2105 416 2168 sed
443 2105 615 2168 eruditionis
643 2123 715 2166 snae
742 2105 987 2168 dissimulatorem
1010 2107 1115 2169 Cicero
1143 2107 1282 2181 affirmat,

228 2205 337 2266 iactam
364 2223 401 2266 ea
423 2205 460 2266 de
482 2223 573 2266 causa
598 2213 656 2278 est,
687 2222 724 2266 ne
745 2205 834 2284 plane
854 2207 990 2287 imperito
1011 2208 1123 2270 homini
1145 2209 1281 2290 partibus

228 2305 260 2366 in
278 2305 428 2384 colloquio
450 2305 620 2384 praecipuis
639 2305 798 2384 assignatis
819 2306 872 2368 ille
894 2315 923 2368 et
942 2285 979 2370 'eo
999 2326 1119 2373 munere
1140 2307 1281 2388 indignus

230 2411 259 2466 et
285 2404 394 2466 inuria
420 2423 545 2464 summus
568 2412 670 2466 orator
691 2406 807 2466 habitus
828 2407 978 2470 uideretur
997 2405 1059 2488 (⁸⁶).
1104 2409 1143 2470 Et
1165 2411 1235 2471 lrinc
1256 2417 1282 2470 et

228 2504 287 2584 ipsi
306 2503 342 2564 de
358 2505 485 2566 Antonio
507 2511 588 2566 recte
609 2505 741 2568 iudicare
759 2506 901 2569 discemus
922 2517 950 2570 et
969 2508 1122 2574 Ciceronis
1141 2510 1282 2571 iudicium

229 2611 309 2664 recte
338 2603 545 2683 intelligemus.
588 2605 656 2668 Fuit
685 2608 760 2668 enim
785 2609 928 2669 Antonias
960 2617 1067 2672 natura
1096 2627 1224 2689 magnus
1254 2617 1283 2671 et

229 2702 412 2771 admirabilis
439 2714 555 2781 orator,
590 2705 643 2768 sed
669 2707 744 2768 nidd
770 2705 927 2782 didicerat,
959 2709 1017 2769 nisi
1043 2728 1120 2784 usu;
1153 2710 1281 2772 literatis

229 2803 415 2866 auscultabat
442 2824 501 2868 non
525 2814 647 2887 propter
669 2805 879 2879 necessitatem
901 2807 1045 2884 discendi,
1074 2809 1129 2871 sed
1156 2819 1190 2872 ut
1217 2827 1281 2872 sese

230 2903 411 2980 oblectaret;
450 2906 547 2968 forum
577 2906 677 2969 ludum
708 2909 913 2983 existimabat,
952 2911 983 2969 in
1016 2927 1075 2989 quc
1111 2909 1281 2972 discendum

228 3013 305 3065 esset
325 3001 389 3086 (⁸⁷).
431 3007 513 3068 llaec
535 3008 561 3068 si
582 3009 777 3082 tenuerimus,
801 3008 952 3070 Ciceronis
976 3011 1007 3070 in
1023 3011 1117 3072 Bruto
1140 3011 1281 3074 iodicium

229 3113 383 3184 sequentes
407 3108 479 3167 satis
502 3107 662 3168 honorilice
685 3107 721 3169 de
735 3110 862 3170 Antonio
885 3109 1117 3172 existimabimus
1131 3107 1197 3192 (⁸⁸).
1233 3111 1280 3173 In-

227 3207 363 3268 ventione
386 3207 490 3267 ordine
517 3207 690 3286 partitionis.
714 3216 743 3270 et
762 3208 1011 3290 disponendorum
1039 3222 1281 3291 argumentorum

226 3306 410 3366 vehementia
440 3307 663 3368 commiserandi
695 3310 810 3371 actione
839 3309 966 3390 denique
998 3321 1070 3392 apta
1100 3321 1130 3374 et
1160 3313 1280 3379 allectus

227 3404 399 3484 plenissima
421 3423 520 3466 omnes
544 3424 615 3467 snae
631 3410 735 3470 aetatis
759 3417 893 3472 oratores
916 3413 1086 3491 superabat.
1124 3413 1188 3482 Sed
1209 3417 1281 3476 haec

225 3505 306 3566 hona
333 3507 429 3584 magis
459 3505 626 3572 iudicialem
658 3518 807 3571 oratorem
835 3509 1014 3572 adiuvabant
1041 3530 1112 3574 reos
1147 3517 1280 3594 warlus

225 3605 331 3665 noxios
362 3607 560 3686 qualicunque
587 3609 703 3672 ratione
735 3629 755 3670 a
781 3608 966 3672 damnatione
998 3613 1078 3674 tueri
1106 3617 1280 3696 cupientem,

226 3722 315 3784 quarn
330 3705 425 3767 airum
445 3707 476 3766 in
493 3709 663 3788 republica
683 3707 815 3787 gerenda
831 3727 968 3788 magnum
990 3719 1018 3772 et
1036 3729 1101 3774 cum
1120 3717 1280 3789 suadendis

294 3881 340 3950 85)
358 3883 413 3938 Cic.
429 3883 573 3942 decuit.
592 3889 622 3952 l,
637 3887 662 3941 4.
683 3885 802 3952 36,153,
890 3887 935 3955 86)
953 3889 1018 3944 Non
1038 3891 1207 3950 adversator
1220 3896 1281 3949 lroio

224 3969 393 4035 sententiae,
412 3972 487 4046 quod
502 3971 653 4040 Sulpicium
670 3978 698 4022 et
715 3971 801 4041 ipsum
815 3971 976 4026 Ciceronem
994 3975 1031 4027 de
1048 3977 1133 4032 rebus
1151 3981 1281 4036 oratoriis

224 4052 365 4106 edocuisse
383 4053 480 4108 dieitur
497 4055 532 4108 de
548 4052 599 4108 Or.
612 4053 645 4106 ll.
662 4055 693 4119 1,
708 4053 733 4106 3.
761 4055 781 4109 Ι.
798 4057 846 4120 21,
860 4056 918 4121 97.;
939 4067 998 4112 erat
1013 4059 1088 4114 ‘enlm
1107 4065 1209 4132 periti,
1228 4081 1281 4122 non

223 4135 334 4192 literati.
422 4138 467 4205 87)
487 4138 542 4193 Cic.
562 4138 597 4192 de
616 4133 666 4193 Or.
687 4137 708 4193 1.
726 4138 777 4206 21,
795 4139 837 4193 89.
928 4140 974 4210 88)
992 4143 1049 4198 cic.
1067 4143 1152 4202 Brut.
1171 4149 1208 4202 37
1223 4165 1282 4218 sqq.

224 4219 258 4274 el.
276 4219 311 4276 de
328 4219 379 4278 Or.
399 4221 444 4278 tlt.
461 4221 494 4290 9,
511 4221 552 4275 39.
