2644 4774
195 345 259 414 ΑΙ)
281 345 589 418 6166661611
618 347 708 422 chr.
730 348 783 423 48.
804 348 856 418 49.
878 349 930 418 56
996 352 1088 424 nol

126 521 197 584 186.
243 521 276 591 Q.
298 521 466 600 Sertorium]
489 522 515 584 is
536 530 620 600 ante,
646 541 734 604 quam
753 520 792 585 ad
808 521 964 587 Marianas
985 531 1087 606 partes

48 620 145 684 Sullae
174 628 299 703 propter
325 629 456 702 ereptum
487 641 515 685 6.
546 625 611 687 666
637 623 815 690 tribunatum
841 623 934 688 iratus
960 625 1088 702 transiit,

48 721 214 785 dictionibus
232 722 400 790 forensibus
417 740 538 805 operans
555 723 646 788 dedit:
662 744 690 788 6.
707 723 784 788 Plnt.
802 724 915 788 Sertor.
932 728 962 787 2.
991 725 1084 790 Prae·

47 825 131 886 torius
148 842 168 886 a
183 823 271 886 Sulla
286 823 469 906 proscriptus
486 825 517 886 in
533 824 677 908 Hispania
695 826 822 888 666166
839 825 920 888 bello
938 825 1084 889 concitato

46 925 236 989 bononorum
257 926 403 989 exercitus
421 925 580 991 frustratus
601 934 646 989 est
661 927 699 989 ab
716 945 746 990 a.
763 928 827 990 676
844 924 883 988 ad
900 943 994 1006 usquc
1010 927 1083 1004 682,

46 1043 96 1104 quo
107 1043 160 1106 per
174 1024 273 1088 dolon
284 1044 303 1087 a
313 1025 465 1107 proditore
474 1028 603 1108 partium
614 1035 658 1090 est
668 1027 847 1090 interfectus.
863 1059 905 1070 --
921 1031 955 1085 P.
967 1029 1084 1087 6661166

44 1125 162 1188 fortasse
178 1133 265 1208 pater
276 1128 338 1190 eius
350 1135 403 1204 661,
421 1145 506 1210 quero
519 1125 624 1192 616666
636 1127 779 1202 6161661116
795 1125 906 1190 sedres
916 1127 1082 1207 ignoratur.

118 1227 228 1292 XLIX.
272 1229 344 1301 182.
387 1229 579 1307 clamosos-ass]
601 1248 629 1294 6.
650 1229 810 1313 1166116611.
830 1228 863 1292 in
884 1226 946 1293 (lic.
967 1224 1007 1292 de
1028 1229 1080 1292 0r.

42 1327 147 1404 1126,
169 1330 223 1392 86.

121 1427 151 1488 6.
175 1429 272 1506 dotto}
299 1427 336 1491 de
357 1429 413 1492 hoo
434 1427 611 1510 explicatum
631 1429 662 1492 in
681 1429 820 1512 prolegg.
843 1427 870 1512 §.
893 1432 960 1506 36,
989 1427 1026 1492 de
1045 1433 1080 1491 Ρ.

41 1528 159 1605 Sulpicio
181 1527 210 1612 §.
229 1532 296 1605 26,
319 1529 356 1592 de
378 1531 409 1592 6
429 1532 549 1592 Misimus
570 1530 599 1614 6.
618 1533 668 1594 32.
712 1531 776 1595 Η66
798 1531 954 1595 occasione
975 1547 1081 1594 moneo

39 1627 195 1708 Augustum
220 1630 366 1694 Matthiae
394 1633 425 1694 in
450 1631 507 1694 hoc
535 1631 665 1696 liurione
691 1633 825 1712 grauiter
850 1649 985 1708 6666666,
1015 1647 1081 1694 666

39 1729 95 1791 eius
114 1738 232 1811 patrem
253 1731 390 1794 Ciceroni
409 1750 440 1812 6.
462 1731 551 1794 Rosc.
572 1734 637 1796 nn.
659 1729 686 1813 6.
709 1735 759 1796 96
784 1749 841 1812 666
862 1734 966 1811 ignoto
989 1734 1080 1792 66111

37 1831 128 1893 nescio
157 1832 243 1894 ouius
263 1832 380 1896 nornine
401 1831 558 1896 obtrudere
582 1839 756 1907 conaretur;
783 1829 874 1895 66616
896 1832 973 1894 eninr
993 1838 1080 1912 pater

38 1945 95 1992 666
115 1951 144 1994 6.
165 1933 230 1994 632
258 1939 380 2014 6666166
399 1933 504 2009 166611,
531 1934 582 1997 uix
610 1932 647 1996 ad
669 1931 796 2001 Sullana
815 1938 950 2014 1666666
968 1932 1079 2008 616666,

37 2031 134 2095 nedum
154 2051 265 2097 causas
286 2051 379 2112 agere
398 2035 502 2114 potuit.
535 2034 634 2099 Potuit
655 2032 860 2096 6616666616
878 2032 1079 2096 dliusconsnl

37 2136 159 2211 6678,
188 2135 240 2215 qui
266 2151 332 2196 cunr
357 2135 531 2215 aequalibus
554 2134 796 2199 666666666116
817 2133 951 2215 Sulpicio
978 2133 1027 2196 hic
1048 2139 1078 2198 61
1162 2196 1164 2202 ,

37 2233 98 2295 aliis
124 2235 202 2298 locis
232 2241 300 2316 apte
329 2235 525 2315 coniungitur.
577 2235 724 2301 Matthiae
751 2241 848 2296 autern
876 2250 1009 2299 errorem
1038 2250 1077 2296 66

36 2332 228 2399 Buechnerins
251 2335 367 2418 quidem
388 2337 554 2416 casdgarit.

116 2439 188 2500 184.
230 2441 257 2497 si
277 2469 319 2482 -
339 2437 510 2516 probaturos
528 2438 566 2516 es]
589 2441 615 2497 si
636 2455 695 2500 non
715 2443 760 2503 661
779 2434 984 2516 interrogandi
1004 2455 1076 2518 par-

35 2536 137 2614 ticula,
166 2537 246 2620 qnod
270 2537 367 2602 uideri
392 2539 495 2620 possit.
537 2539 651 2604 Atticus
677 2539 735 2603 hoc
755 2535 840 2602 dicit:
869 2556 909 2600 an
935 2544 967 2600 tu
988 2537 1019 2600 id
1045 2536 1077 2600 id

36 2653 117 2700 curas
146 2639 223 2701 alios
251 2645 280 2702 te
308 2641 452 2721 probare,
480 2659 505 2704 6.
527 2641 672 2704 6611161166
700 2657 731 2702 66
760 2638 796 2702 de
818 2657 920 2702 eornm
941 2656 1076 2714 assensu,

34 2737 57 2796 si
83 2738 171 2801 modo
196 2740 288 2802 Bruto
317 2741 522 2802 satisfacturus
550 2741 605 2802 es?
647 2741 739 2802 Recte
767 2739 909 2819 explicuit
934 2739 1075 2816 Mepcrus

32 2835 105 2900 idem
136 2846 297 2901 antestatus
323 2837 508 2914 Madvigium
532 2837 673 2900 Emendd.
695 2837 718 2898 1.
745 2853 776 2916 6.
797 2836 849 2898 54.
891 2837 1076 2900 61616166

32 2940 212 3018 quaestionis
234 2953 344 3014 genere
364 2935 535 3016 prudentius
557 2953 645 3016 quam
665 2933 797 2996 Manlius
819 2933 948 2997 Turscll.
972 2935 1032 2999 661.
1051 2935 1075 3002 1.

31 3055 56 3120 6.
77 3037 152 3100 335.
175 3035 315 3118 explicuit
334 3034 506 3114 Madvigius
527 3037 558 3098 in
580 3035 643 3099 Gic.
662 3033 727 3096 Fin.
749 3052 779 3114 p·
798 3036 850 3098 61.

116 3136 188 3200 185.
231 3141 289 3196 trio
309 3147 376 3197 scot
395 3138 480 3214 6666]
504 3135 540 3199 de
560 3137 654 3199 trihus
673 3135 804 3199 oratoris
825 3134 991 3196 muneribus
1012 3135 1075 3196 sul-

30 3239 88 3302 hcit
115 3239 305 3302 auctoritates
332 3239 482 3302 ascribere
503 3238 655 3304 Ciceronis
682 3235 792 3299 1666.
814 3235 851 3300 11.
870 3237 924 3311 77,
945 3237 1017 3298 316.
1046 3242 1075 3298 61

32 3340 203 3417 Quintiliani
220 3338 271 3403 ΙΙΙ.
293 3339 327 3414 5,
349 3345 378 3402 2.
493 3389 496 3394 .

111 3441 148 3504 L.
194 3442 276 3508 186..
307 3461 422 3501 6666666
431 3441 603 3520 Philippum]
620 3441 739 3504 Ernesti
752 3439 949 3502 coniecturam
959 3454 1074 3494 6616666

32 3550 62 3598 ot
83 3561 102 3604 6
117 3543 231 3604 666166
252 3543 407 3624 probatam
423 3544 589 3624 accepimus
609 3548 730 3622 praeter
744 3540 938 3604 thhncrun
953 3535 1072 3598 161166.

32 3641 321 3719 8666.1.“1,168.,
343 3645 395 3724 qui
415 3645 481 3726 ipse
501 3643 584 3704 locus
600 3642 725 3704 Ernesto
746 3639 853 3702 isandus
873 3639 930 3702 1611
950 3637 989 3700 ad
1005 3654 1073 3702 eor·

32 3742 193 3821 rigandum.
224 3743 292 3807 Iure
310 3744 483 3809 adversatur
498 3741 680 3822 Bernhardy.
712 3745 866 3814 „Nemone
880 3749 911 3800 ut
932 3739 1073 3820 stupentis

33 3843 79 3905 661
98 3845 277 3924 indignantis
298 3853 355 3921 cst,
384 3847 435 3925 qni
462 3831 715 3925 rens'peruersarn
737 3841 878 3904 detrectet
900 3841 949 3902 uel
969 3856 1072 3920 repre-

34 3942 146 4008 hendat.
176 3945 251 4010 Vide
271 3946 320 4010 661
334 3945 470 4028 exempla
485 3945 709 4008 Drakenborchi
724 3944 755 4004 in
771 3943 886 4005 Liuium
899 3940 948 4004 IV.
966 3944 1001 4012 2,
1021 3940 1071 3999 12.

34 4044 118 4126 Atqui
140 4047 245 4110 Cicero
271 4053 382 4110 tanturn
402 4047 492 4122 61611,
519 4053 552 4108 61
571 4045 774 4125 indignitatem
798 4040 900 4103 indicii
918 4035 1073 4119 popularis

36 4155 222 4224 6666666166,
251 4155 283 4212 61
308 4149 406 4231 661166
426 4147 593 4231 Philippum
620 4146 723 4212 merito
746 4140 944 4226 posthabitum
962 4135 1073 4202 Crasso
