<?xml version="1.0" encoding="UTF-8"?>
<!DOCTYPE html PUBLIC "-//W3C//DTD XHTML 1.0 Transitional//EN"
    "http://www.w3.org/TR/xhtml1/DTD/xhtml1-transitional.dtd">
<html xmlns="http://www.w3.org/1999/xhtml" xml:lang="en" lang="en">
 <head>
  <title>
</title>
<meta http-equiv="Content-Type" content="text/html;charset=utf-8" />
  <meta name='ocr-system' content='tesseract 3.04.00' />
  <meta name='ocr-capabilities' content='ocr_page ocr_carea ocr_par ocr_line ocrx_word'/>
</head>
<body>
  <div class='ocr_page' id='page_1' title='image "./brutussivedecla00cicegoog/brutussivedecla00cicegoog_0145.png"; bbox 0 0 2660 4776; ppageno 0'>
   <div class='ocr_carea' id='block_1_1' title="bbox 184 429 1071 513">
    <p class='ocr_par' dir='ltr' id='par_1_1' title="bbox 184 429 1071 513">
     <span class='ocr_line' id='line_1_1' title="bbox 184 429 1071 513; baseline 0.011 -15"><span class='ocrx_word' id='word_1_1' title='bbox 184 431 333 499; x_wconf 83' lang='lat' dir='ltr'><strong>BREVIS</strong></span> <span class='ocrx_word' id='word_1_2' title='bbox 352 429 651 513; x_wconf 69' lang='lat' dir='ltr'><strong>inconsutilis</strong></span> <span class='ocrx_word' id='word_1_3' title='bbox 673 429 776 501; x_wconf 81' lang='lat' dir='ltr'><strong>Rom.</strong></span> <span class='ocrx_word' id='word_1_4' title='bbox 797 431 906 501; x_wconf 77' lang='lat' dir='ltr'><strong>HlS&#39;l&#39;.</strong></span> <span class='ocrx_word' id='word_1_5' title='bbox 988 436 1071 508; x_wconf 82' lang='lat' dir='ltr'><strong>m</strong></span> 
     </span>
    </p>
   </div>
   <div class='ocr_carea' id='block_1_2' title="bbox 49 597 1070 684">
    <p class='ocr_par' dir='ltr' id='par_1_2' title="bbox 49 597 1070 684">
     <span class='ocr_line' id='line_1_2' title="bbox 49 597 1070 684; baseline 0.007 -18"><span class='ocrx_word' id='word_1_6' title='bbox 49 603 144 684; x_wconf 76' lang='lat' dir='ltr'><strong>gendae</strong></span> <span class='ocrx_word' id='word_1_7' title='bbox 165 621 254 666; x_wconf 90' lang='lat' dir='ltr'><strong>causa</strong></span> <span class='ocrx_word' id='word_1_8' title='bbox 271 606 380 667; x_wconf 90' lang='lat' dir='ltr'><strong>crimen</strong></span> <span class='ocrx_word' id='word_1_9' title='bbox 400 597 505 668; x_wconf 82' lang='lat' dir='ltr'><strong>ueneni</strong></span> <span class='ocrx_word' id='word_1_10' title='bbox 524 607 555 667; x_wconf 90' lang='lat' dir='ltr'><strong>in</strong></span> <span class='ocrx_word' id='word_1_11' title='bbox 571 613 773 670; x_wconf 75' lang='lat' dir='ltr'><strong>accusatorem</strong></span> <span class='ocrx_word' id='word_1_12' title='bbox 790 605 937 670; x_wconf 74' lang='lat' dir='ltr'><strong>Calidium</strong></span> <span class='ocrx_word' id='word_1_13' title='bbox 956 609 1070 674; x_wconf 82' lang='lat' dir='ltr'><strong>tentati.</strong></span> 
     </span>
    </p>
   </div>
   <div class='ocr_carea' id='block_1_3' title="bbox 45 705 1073 2400">
    <p class='ocr_par' dir='ltr' id='par_1_3' title="bbox 45 705 1073 2400">
     <span class='ocr_line' id='line_1_3' title="bbox 49 705 1072 788; baseline 0.002 -19"><span class='ocrx_word' id='word_1_14' title='bbox 49 706 180 769; x_wconf 80' lang='lat' dir='ltr'><strong>Ciceronis</strong></span> <span class='ocrx_word' id='word_1_15' title='bbox 207 712 303 767; x_wconf 88' lang='lat' dir='ltr'><strong>antem</strong></span> <span class='ocrx_word' id='word_1_16' title='bbox 329 705 413 768; x_wconf 90' lang='lat' dir='ltr'><strong>locus</strong></span> <span class='ocrx_word' id='word_1_17' title='bbox 437 707 516 788; x_wconf 80' lang='lat' dir='ltr'><strong>apud</strong></span> <span class='ocrx_word' id='word_1_18' title='bbox 539 707 750 784; x_wconf 81' lang='lat' dir='ltr'><strong>Quintilianum</strong></span> <span class='ocrx_word' id='word_1_19' title='bbox 775 707 922 782; x_wconf 84' lang='lat' dir='ltr'><strong>luxuriosi</strong></span> <span class='ocrx_word' id='word_1_20' title='bbox 945 710 1072 774; x_wconf 75' lang='lat' dir='ltr'><strong>convivii</strong></span> 
     </span>
     <span class='ocr_line' id='line_1_4' title="bbox 48 806 1071 887; baseline 0.004 -20"><span class='ocrx_word' id='word_1_21' title='bbox 48 806 250 887; x_wconf 83' lang='lat' dir='ltr'><strong>descriptionem</strong></span> <span class='ocrx_word' id='word_1_22' title='bbox 271 807 374 882; x_wconf 88' lang='lat' dir='ltr'><strong>hahet,</strong></span> <span class='ocrx_word' id='word_1_23' title='bbox 405 825 481 887; x_wconf 86' lang='lat' dir='ltr'><strong>quae</strong></span> <span class='ocrx_word' id='word_1_24' title='bbox 510 809 537 870; x_wconf 89' lang='lat' dir='ltr'><strong>si</strong></span> <span class='ocrx_word' id='word_1_25' title='bbox 558 826 666 871; x_wconf 88' lang='lat' dir='ltr'><strong>censue</strong></span> <span class='ocrx_word' id='word_1_26' title='bbox 688 807 888 872; x_wconf 79' lang='lat' dir='ltr'><strong>detendendae</strong></span> <span class='ocrx_word' id='word_1_27' title='bbox 919 811 1071 872; x_wconf 87' lang='lat' dir='ltr'><strong>nonsatis</strong></span> 
     </span>
     <span class='ocr_line' id='line_1_5' title="bbox 48 899 1072 987; baseline 0.003 -19"><span class='ocrx_word' id='word_1_28' title='bbox 48 907 135 969; x_wconf 89' lang='lat' dir='ltr'><strong>idonea</strong></span> <span class='ocrx_word' id='word_1_29' title='bbox 152 907 280 982; x_wconf 84' lang='lat' dir='ltr'><strong>ridetur,</strong></span> <span class='ocrx_word' id='word_1_30' title='bbox 305 899 528 987; x_wconf 80' lang='lat' dir='ltr'><strong>intelligendum</strong></span> <span class='ocrx_word' id='word_1_31' title='bbox 550 917 594 972; x_wconf 90' lang='lat' dir='ltr'><strong>est</strong></span> <span class='ocrx_word' id='word_1_32' title='bbox 613 911 790 986; x_wconf 78' lang='lat' dir='ltr'><strong>pertinuisse</strong></span> <span class='ocrx_word' id='word_1_33' title='bbox 811 929 876 972; x_wconf 88' lang='lat' dir='ltr'><strong>eam</strong></span> <span class='ocrx_word' id='word_1_34' title='bbox 897 909 936 972; x_wconf 88' lang='lat' dir='ltr'><strong>ad</strong></span> <span class='ocrx_word' id='word_1_35' title='bbox 957 909 1072 972; x_wconf 90' lang='lat' dir='ltr'><strong>diluen-</strong></span> 
     </span>
     <span class='ocr_line' id='line_1_6' title="bbox 48 1007 1073 1085; baseline 0.003 -16"><span class='ocrx_word' id='word_1_36' title='bbox 48 1007 99 1070; x_wconf 91' lang='lat' dir='ltr'><strong>dum</strong></span> <span class='ocrx_word' id='word_1_37' title='bbox 129 1009 236 1070; x_wconf 90' lang='lat' dir='ltr'><strong>crimen</strong></span> <span class='ocrx_word' id='word_1_38' title='bbox 266 1010 391 1085; x_wconf 87' lang='lat' dir='ltr'><strong>veneni,</strong></span> <span class='ocrx_word' id='word_1_39' title='bbox 429 1018 462 1072; x_wconf 90' lang='lat' dir='ltr'><strong>ut</strong></span> <span class='ocrx_word' id='word_1_40' title='bbox 495 1009 609 1074; x_wconf 84' lang='lat' dir='ltr'><strong>Gallius</strong></span> <span class='ocrx_word' id='word_1_41' title='bbox 642 1009 838 1072; x_wconf 86' lang='lat' dir='ltr'><strong>alienissimus</strong></span> <span class='ocrx_word' id='word_1_42' title='bbox 870 1010 1073 1073; x_wconf 87' lang='lat' dir='ltr'><strong>ostenderetur</strong></span> 
     </span>
     <span class='ocr_line' id='line_1_7' title="bbox 49 1109 1073 1193; baseline 0.006 -25"><span class='ocrx_word' id='word_1_43' title='bbox 49 1109 207 1172; x_wconf 86' lang='lat' dir='ltr'><strong>astruendis</strong></span> <span class='ocrx_word' id='word_1_44' title='bbox 227 1109 341 1172; x_wconf 90' lang='lat' dir='ltr'><strong>insidiis</strong></span> <span class='ocrx_word' id='word_1_45' title='bbox 362 1111 393 1172; x_wconf 93' lang='lat' dir='ltr'><strong>in</strong></span> <span class='ocrx_word' id='word_1_46' title='bbox 411 1127 448 1172; x_wconf 87' lang='lat' dir='ltr'><strong>eu</strong></span> <span class='ocrx_word' id='word_1_47' title='bbox 464 1111 696 1192; x_wconf 85' lang='lat' dir='ltr'><strong>compotatione,</strong></span> <span class='ocrx_word' id='word_1_48' title='bbox 717 1112 748 1173; x_wconf 91' lang='lat' dir='ltr'><strong>in</strong></span> <span class='ocrx_word' id='word_1_49' title='bbox 770 1129 830 1192; x_wconf 73' lang='lat' dir='ltr'><strong>uua</strong></span> <span class='ocrx_word' id='word_1_50' title='bbox 851 1113 908 1174; x_wconf 83' lang='lat' dir='ltr'><strong>sibi</strong></span> <span class='ocrx_word' id='word_1_51' title='bbox 928 1109 999 1193; x_wconf 78' lang='lat' dir='ltr'><strong>ipue&#39;</strong></span> <span class='ocrx_word' id='word_1_52' title='bbox 1013 1129 1073 1175; x_wconf 91' lang='lat' dir='ltr'><strong>non</strong></span> 
     </span>
     <span class='ocr_line' id='line_1_8' title="bbox 48 1211 1072 1278; baseline 0.006 -8"><span class='ocrx_word' id='word_1_53' title='bbox 48 1211 103 1271; x_wconf 87' lang='lat' dir='ltr'><strong>satis</strong></span> <span class='ocrx_word' id='word_1_54' title='bbox 122 1211 246 1274; x_wconf 79' lang='lat' dir='ltr'><strong>caussae</strong></span> <span class='ocrx_word' id='word_1_55' title='bbox 273 1211 489 1276; x_wconf 85' lang='lat' dir='ltr'><strong>utemulentiu.</strong></span> <span class='ocrx_word' id='word_1_56' title='bbox 532 1212 626 1274; x_wconf 85' lang='lat' dir='ltr'><strong>liuius</strong></span> <span class='ocrx_word' id='word_1_57' title='bbox 649 1211 740 1276; x_wconf 88' lang='lat' dir='ltr'><strong>Callii</strong></span> <span class='ocrx_word' id='word_1_58' title='bbox 765 1219 833 1275; x_wconf 91' lang='lat' dir='ltr'><strong>tuno</strong></span> <span class='ocrx_word' id='word_1_59' title='bbox 860 1214 919 1274; x_wconf 91' lang='lat' dir='ltr'><strong>iam</strong></span> <span class='ocrx_word' id='word_1_60' title='bbox 946 1213 1072 1278; x_wconf 84' lang='lat' dir='ltr'><strong>senioris</strong></span> 
     </span>
     <span class='ocr_line' id='line_1_9' title="bbox 47 1311 1072 1392; baseline 0.006 -22"><span class='ocrx_word' id='word_1_61' title='bbox 47 1311 99 1386; x_wconf 86' lang='lat' dir='ltr'><strong>ilii,</strong></span> <span class='ocrx_word' id='word_1_62' title='bbox 122 1319 186 1392; x_wconf 90' lang='lat' dir='ltr'><strong>post</strong></span> <span class='ocrx_word' id='word_1_63' title='bbox 209 1328 302 1372; x_wconf 88' lang='lat' dir='ltr'><strong>anuos</strong></span> <span class='ocrx_word' id='word_1_64' title='bbox 325 1312 545 1392; x_wconf 84' lang='lat' dir='ltr'><strong>quatuordecim</strong></span> <span class='ocrx_word' id='word_1_65' title='bbox 565 1312 711 1376; x_wconf 79' lang='lat' dir='ltr'><strong>Calidium</strong></span> <span class='ocrx_word' id='word_1_66' title='bbox 740 1313 909 1376; x_wconf 83' lang='lat' dir='ltr'><strong>consulatus</strong></span> <span class='ocrx_word' id='word_1_67' title='bbox 932 1314 1072 1376; x_wconf 83' lang='lat' dir='ltr'><strong>candida·</strong></span> 
     </span>
     <span class='ocr_line' id='line_1_10' title="bbox 48 1411 1072 1496; baseline 0.004 -23"><span class='ocrx_word' id='word_1_68' title='bbox 48 1420 105 1488; x_wconf 84' lang='lat' dir='ltr'><strong>um,</strong></span> <span class='ocrx_word' id='word_1_69' title='bbox 125 1413 174 1475; x_wconf 89' lang='lat' dir='ltr'><strong>sed</strong></span> <span class='ocrx_word' id='word_1_70' title='bbox 189 1412 357 1493; x_wconf 85' lang='lat' dir='ltr'><strong>repulsum,</strong></span> <span class='ocrx_word' id='word_1_71' title='bbox 379 1411 415 1476; x_wconf 91' lang='lat' dir='ltr'><strong>de</strong></span> <span class='ocrx_word' id='word_1_72' title='bbox 431 1415 541 1476; x_wconf 82' lang='lat' dir='ltr'><strong>ambitu</strong></span> <span class='ocrx_word' id='word_1_73' title='bbox 561 1431 643 1476; x_wconf 91' lang='lat' dir='ltr'><strong>reum</strong></span> <span class='ocrx_word' id='word_1_74' title='bbox 659 1414 794 1478; x_wconf 80' lang='lat' dir='ltr'><strong>ridentur</strong></span> <span class='ocrx_word' id='word_1_75' title='bbox 812 1413 935 1490; x_wconf 88' lang='lat' dir='ltr'><strong>leuisse;</strong></span> <span class='ocrx_word' id='word_1_76' title='bbox 958 1415 994 1478; x_wconf 91' lang='lat' dir='ltr'><strong>de</strong></span> <span class='ocrx_word' id='word_1_77' title='bbox 1012 1433 1072 1496; x_wconf 82' lang='lat' dir='ltr'><strong>quu</strong></span> 
     </span>
     <span class='ocr_line' id='line_1_11' title="bbox 47 1511 1072 1580; baseline 0.004 -6"><span class='ocrx_word' id='word_1_78' title='bbox 47 1531 118 1576; x_wconf 85' lang='lat' dir='ltr'><strong>cursa</strong></span> <span class='ocrx_word' id='word_1_79' title='bbox 138 1515 258 1580; x_wconf 84' lang='lat' dir='ltr'><strong>Caelius</strong></span> <span class='ocrx_word' id='word_1_80' title='bbox 281 1511 418 1576; x_wconf 86' lang='lat' dir='ltr'><strong>Ciceroni</strong></span> <span class='ocrx_word' id='word_1_81' title='bbox 439 1515 569 1578; x_wconf 87' lang='lat' dir='ltr'><strong>scribens</strong></span> <span class='ocrx_word' id='word_1_82' title='bbox 591 1513 736 1578; x_wconf 83' lang='lat' dir='ltr'><strong>Calidium</strong></span> <span class='ocrx_word' id='word_1_83' title='bbox 761 1517 793 1578; x_wconf 93' lang='lat' dir='ltr'><strong>in</strong></span> <span class='ocrx_word' id='word_1_84' title='bbox 814 1515 986 1580; x_wconf 84' lang='lat' dir='ltr'><strong>defensione</strong></span> <span class='ocrx_word' id='word_1_85' title='bbox 1008 1516 1072 1578; x_wconf 89' lang='lat' dir='ltr'><strong>elo-</strong></span> 
     </span>
     <span class='ocr_line' id='line_1_12' title="bbox 48 1613 1072 1698; baseline 0.005 -23"><span class='ocrx_word' id='word_1_86' title='bbox 48 1623 173 1694; x_wconf 89' lang='lat' dir='ltr'><strong>quentem,</strong></span> <span class='ocrx_word' id='word_1_87' title='bbox 207 1616 239 1676; x_wconf 91' lang='lat' dir='ltr'><strong>in</strong></span> <span class='ocrx_word' id='word_1_88' title='bbox 271 1616 458 1678; x_wconf 82' lang='lat' dir='ltr'><strong>accusatione</strong></span> <span class='ocrx_word' id='word_1_89' title='bbox 489 1616 629 1696; x_wconf 78' lang='lat' dir='ltr'><strong>trigidum</strong></span> <span class='ocrx_word' id='word_1_90' title='bbox 656 1617 749 1680; x_wconf 84' lang='lat' dir='ltr'><strong>luisse</strong></span> <span class='ocrx_word' id='word_1_91' title='bbox 781 1617 852 1681; x_wconf 89' lang='lat' dir='ltr'><strong>dicit</strong></span> <span class='ocrx_word' id='word_1_92' title='bbox 874 1613 935 1698; x_wconf 69' lang='lat'>(⁹²).</span> <span class='ocrx_word' id='word_1_93' title='bbox 980 1617 1072 1698; x_wconf 83' lang='lat' dir='ltr'><strong>quue</strong></span> 
     </span>
     <span class='ocr_line' id='line_1_13' title="bbox 46 1715 1072 1798; baseline 0.002 -22"><span class='ocrx_word' id='word_1_94' title='bbox 46 1719 148 1779; x_wconf 83' lang='lat' dir='ltr'><strong>nonime</strong></span> <span class='ocrx_word' id='word_1_95' title='bbox 163 1715 245 1780; x_wconf 88' lang='lat' dir='ltr'><strong>cudit</strong></span> <span class='ocrx_word' id='word_1_96' title='bbox 261 1717 291 1778; x_wconf 92' lang='lat' dir='ltr'><strong>in</strong></span> <span class='ocrx_word' id='word_1_97' title='bbox 303 1715 461 1790; x_wconf 80' lang='lat' dir='ltr'><strong>Calidium,</strong></span> <span class='ocrx_word' id='word_1_98' title='bbox 484 1733 569 1798; x_wconf 85' lang='lat' dir='ltr'><strong>quem</strong></span> <span class='ocrx_word' id='word_1_99' title='bbox 581 1718 686 1781; x_wconf 89' lang='lat' dir='ltr'><strong>Cicero</strong></span> <span class='ocrx_word' id='word_1_100' title='bbox 706 1719 838 1780; x_wconf 84' lang='lat' dir='ltr'><strong>omnihus</strong></span> <span class='ocrx_word' id='word_1_101' title='bbox 855 1719 919 1782; x_wconf 90' lang='lat' dir='ltr'><strong>iere</strong></span> <span class='ocrx_word' id='word_1_102' title='bbox 934 1717 1072 1779; x_wconf 89' lang='lat' dir='ltr'><strong>laudibus</strong></span> 
     </span>
     <span class='ocr_line' id='line_1_14' title="bbox 47 1817 1071 1900; baseline 0.004 -24"><span class='ocrx_word' id='word_1_103' title='bbox 47 1819 162 1880; x_wconf 84' lang='lat' dir='ltr'><strong>oratoriis</strong></span> <span class='ocrx_word' id='word_1_104' title='bbox 190 1819 364 1880; x_wconf 86' lang='lat' dir='ltr'><strong>instructum</strong></span> <span class='ocrx_word' id='word_1_105' title='bbox 384 1817 477 1880; x_wconf 89' lang='lat' dir='ltr'><strong>luisse</strong></span> <span class='ocrx_word' id='word_1_106' title='bbox 499 1817 640 1893; x_wconf 81' lang='lat' dir='ltr'><strong>afirmat,</strong></span> <span class='ocrx_word' id='word_1_107' title='bbox 664 1818 838 1882; x_wconf 74' lang='lat' dir='ltr'><strong>inveniendo</strong></span> <span class='ocrx_word' id='word_1_108' title='bbox 867 1827 896 1881; x_wconf 91' lang='lat' dir='ltr'><strong>et</strong></span> <span class='ocrx_word' id='word_1_109' title='bbox 915 1817 1071 1900; x_wconf 83' lang='lat' dir='ltr'><strong>partiendo</strong></span> 
     </span>
     <span class='ocr_line' id='line_1_15' title="bbox 45 1917 1071 1997; baseline 0.001 -20"><span class='ocrx_word' id='word_1_110' title='bbox 45 1918 144 1994; x_wconf 72' lang='lat' dir='ltr'><strong>lonium,</strong></span> <span class='ocrx_word' id='word_1_111' title='bbox 172 1917 339 1982; x_wconf 84' lang='lat' dir='ltr'><strong>elocutione</strong></span> <span class='ocrx_word' id='word_1_112' title='bbox 367 1935 402 1979; x_wconf 90' lang='lat' dir='ltr'><strong>uu</strong></span> <span class='ocrx_word' id='word_1_113' title='bbox 423 1919 580 1981; x_wconf 86' lang='lat' dir='ltr'><strong>uerborum</strong></span> <span class='ocrx_word' id='word_1_114' title='bbox 605 1919 756 1997; x_wconf 82' lang='lat' dir='ltr'><strong>elegantia</strong></span> <span class='ocrx_word' id='word_1_115' title='bbox 776 1919 928 1994; x_wconf 84' lang='lat' dir='ltr'><strong>eximium,</strong></span> <span class='ocrx_word' id='word_1_116' title='bbox 956 1927 1071 1982; x_wconf 72' lang='lat' dir='ltr'><strong>suueu-</strong></span> 
     </span>
     <span class='ocr_line' id='line_1_16' title="bbox 45 2017 1072 2099; baseline 0 -21"><span class='ocrx_word' id='word_1_117' title='bbox 45 2018 127 2081; x_wconf 87' lang='lat' dir='ltr'><strong>derum</strong></span> <span class='ocrx_word' id='word_1_118' title='bbox 147 2028 175 2082; x_wconf 93' lang='lat' dir='ltr'><strong>et</strong></span> <span class='ocrx_word' id='word_1_119' title='bbox 196 2035 352 2080; x_wconf 90' lang='lat' dir='ltr'><strong>numerose</strong></span> <span class='ocrx_word' id='word_1_120' title='bbox 373 2017 637 2098; x_wconf 85' lang='lat' dir='ltr'><strong>componendarum</strong></span> <span class='ocrx_word' id='word_1_121' title='bbox 660 2019 866 2080; x_wconf 88' lang='lat' dir='ltr'><strong>sententiarum</strong></span> <span class='ocrx_word' id='word_1_122' title='bbox 887 2020 977 2099; x_wconf 83' lang='lat' dir='ltr'><strong>plene</strong></span> <span class='ocrx_word' id='word_1_123' title='bbox 998 2019 1072 2079; x_wconf 84' lang='lat' dir='ltr'><strong>urti-</strong></span> 
     </span>
     <span class='ocr_line' id='line_1_17' title="bbox 45 2118 1073 2194; baseline -0.001 -16"><span class='ocrx_word' id='word_1_124' title='bbox 45 2118 125 2194; x_wconf 89' lang='lat' dir='ltr'><strong>ioem,</strong></span> <span class='ocrx_word' id='word_1_125' title='bbox 155 2120 211 2182; x_wconf 91' lang='lat' dir='ltr'><strong>sed</strong></span> <span class='ocrx_word' id='word_1_126' title='bbox 238 2119 276 2180; x_wconf 89' lang='lat' dir='ltr'><strong>ab</strong></span> <span class='ocrx_word' id='word_1_127' title='bbox 305 2119 384 2181; x_wconf 92' lang='lat' dir='ltr'><strong>omui</strong></span> <span class='ocrx_word' id='word_1_128' title='bbox 407 2118 590 2182; x_wconf 80' lang='lat' dir='ltr'><strong>vehementia</strong></span> <span class='ocrx_word' id='word_1_129' title='bbox 622 2136 687 2180; x_wconf 91' lang='lat' dir='ltr'><strong>oum</strong></span> <span class='ocrx_word' id='word_1_130' title='bbox 713 2119 802 2180; x_wconf 90' lang='lat' dir='ltr'><strong>rebus</strong></span> <span class='ocrx_word' id='word_1_131' title='bbox 831 2126 860 2180; x_wconf 90' lang='lat' dir='ltr'><strong>et</strong></span> <span class='ocrx_word' id='word_1_132' title='bbox 884 2119 983 2181; x_wconf 83' lang='lat' dir='ltr'><strong>uerbis</strong></span> <span class='ocrx_word' id='word_1_133' title='bbox 1011 2123 1073 2178; x_wconf 87' lang='lat' dir='ltr'><strong>tum</strong></span> 
     </span>
     <span class='ocr_line' id='line_1_18' title="bbox 46 2216 1073 2301; baseline 0 -23"><span class='ocrx_word' id='word_1_134' title='bbox 46 2222 140 2282; x_wconf 88' lang='lat' dir='ltr'><strong>notione</strong></span> <span class='ocrx_word' id='word_1_135' title='bbox 158 2221 378 2283; x_wconf 88' lang='lat' dir='ltr'><strong>alienissimum.</strong></span> <span class='ocrx_word' id='word_1_136' title='bbox 411 2219 546 2301; x_wconf 87' lang='lat' dir='ltr'><strong>Denique</strong></span> <span class='ocrx_word' id='word_1_137' title='bbox 561 2219 613 2282; x_wconf 92' lang='lat' dir='ltr'><strong>ille</strong></span> <span class='ocrx_word' id='word_1_138' title='bbox 630 2221 828 2280; x_wconf 66' lang='lat' dir='ltr'><strong>Mosconnum</strong></span> <span class='ocrx_word' id='word_1_139' title='bbox 845 2216 1073 2300; x_wconf 79' lang='lat' dir='ltr'><strong>repetundarum</strong></span> 
     </span>
     <span class='ocr_line' id='line_1_19' title="bbox 45 2319 334 2400; baseline 0.014 -20"><span class='ocrx_word' id='word_1_140' title='bbox 45 2335 109 2384; x_wconf 88' lang='lat' dir='ltr'><strong>reum</strong></span> <span class='ocrx_word' id='word_1_141' title='bbox 129 2321 259 2386; x_wconf 80' lang='lat' dir='ltr'><strong>defendit</strong></span> <span class='ocrx_word' id='word_1_142' title='bbox 272 2319 285 2397; x_wconf 86' lang='lat'>(</span> <span class='ocrx_word' id='word_1_143' title='bbox 300 2325 334 2400; x_wconf 73' lang='lat'><strong>.).</strong></span> 
     </span>
    </p>
   </div>
   <div class='ocr_carea' id='block_1_4' title="bbox 112 2474 986 2646">
    <p class='ocr_par' dir='ltr' id='par_1_4' title="bbox 112 2474 986 2646">
     <span class='ocr_line' id='line_1_20' title="bbox 522 2477 602 2539; baseline 0 -1"><span class='ocrx_word' id='word_1_144' title='bbox 522 2477 602 2539; x_wconf 79' lang='lat'><strong>.49‚</strong></span> 
     </span>
     <span class='ocr_line' id='line_1_21' title="bbox 112 2474 986 2646; baseline -0.008 1"><span class='ocrx_word' id='word_1_145' title='bbox 112 2589 152 2646; x_wconf 76' lang='lat' dir='ltr'><strong>ol</strong></span> <span class='ocrx_word' id='word_1_146' title='bbox 171 2589 332 2646; x_wconf 84' lang='lat' dir='ltr'><strong>Marcellus.</strong></span> <span class='ocrx_word' id='word_1_147' title='bbox 367 2587 408 2644; x_wconf 87' lang='grc' dir='ltr'><strong>Μ.</strong></span> <span class='ocrx_word' id='word_1_148' title='bbox 428 2474 519 2644; x_wconf 53' lang='grc' dir='ltr'><strong>απαξ</strong></span> <span class='ocrx_word' id='word_1_149' title='bbox 542 2589 584 2644; x_wconf 89' lang='grc' dir='ltr'><strong>Μ.</strong></span> <span class='ocrx_word' id='word_1_150' title='bbox 603 2589 749 2646; x_wconf 83' lang='lat' dir='ltr'><strong>Favonius.</strong></span> <span class='ocrx_word' id='word_1_151' title='bbox 785 2588 815 2644; x_wconf 86' lang='lat' dir='ltr'><strong>C.</strong></span> <span class='ocrx_word' id='word_1_152' title='bbox 833 2585 986 2642; x_wconf 87' lang='lat' dir='ltr'><strong>Memmius.</strong></span> 
     </span>
    </p>
   </div>
   <div class='ocr_carea' id='block_1_5' title="bbox 45 2691 1115 3067">
    <p class='ocr_par' dir='ltr' id='par_1_5' title="bbox 45 2691 1115 3067">
     <span class='ocr_line' id='line_1_22' title="bbox 111 2691 1072 2773; baseline -0.008 -13"><span class='ocrx_word' id='word_1_153' title='bbox 111 2697 143 2760; x_wconf 87' lang='lat' dir='ltr'><strong>In</strong></span> <span class='ocrx_word' id='word_1_154' title='bbox 160 2703 207 2756; x_wconf 91' lang='lat' dir='ltr'><strong>M.</strong></span> <span class='ocrx_word' id='word_1_155' title='bbox 218 2697 358 2758; x_wconf 82' lang='lat' dir='ltr'><strong>Marcello</strong></span> <span class='ocrx_word' id='word_1_156' title='bbox 378 2699 423 2752; x_wconf 89' lang='lat' dir='ltr'><strong>M.</strong></span> <span class='ocrx_word' id='word_1_157' title='bbox 437 2696 542 2756; x_wconf 86' lang='lat' dir='ltr'><strong>Cutoue</strong></span> <span class='ocrx_word' id='word_1_158' title='bbox 561 2700 606 2756; x_wconf 88' lang='lat' dir='ltr'><strong>M.</strong></span> <span class='ocrx_word' id='word_1_159' title='bbox 619 2701 747 2759; x_wconf 80' lang='lat' dir='ltr'><strong>Fauonio</strong></span> <span class='ocrx_word' id='word_1_160' title='bbox 770 2695 800 2756; x_wconf 84' lang='lat' dir='ltr'><strong>G.</strong></span> <span class='ocrx_word' id='word_1_161' title='bbox 812 2698 948 2754; x_wconf 83' lang='lat' dir='ltr'><strong>Memmio</strong></span> <span class='ocrx_word' id='word_1_162' title='bbox 968 2691 1072 2773; x_wconf 81' lang='lat' dir='ltr'><strong>paucis</strong></span> 
     </span>
     <span class='ocr_line' id='line_1_23' title="bbox 45 2791 1074 2878; baseline -0.001 -25"><span class='ocrx_word' id='word_1_163' title='bbox 45 2791 147 2878; x_wconf 76' lang='lat' dir='ltr'><strong>defungi</strong></span> <span class='ocrx_word' id='word_1_164' title='bbox 178 2799 258 2860; x_wconf 90' lang='lat' dir='ltr'><strong>licet.</strong></span> <span class='ocrx_word' id='word_1_165' title='bbox 299 2796 402 2869; x_wconf 86' lang='lat' dir='ltr'><strong>illum,</strong></span> <span class='ocrx_word' id='word_1_166' title='bbox 436 2811 499 2872; x_wconf 86' lang='lat' dir='ltr'><strong>cum</strong></span> <span class='ocrx_word' id='word_1_167' title='bbox 529 2802 651 2874; x_wconf 84' lang='lat' dir='ltr'><strong>propter</strong></span> <span class='ocrx_word' id='word_1_168' title='bbox 681 2796 799 2872; x_wconf 84' lang='lat' dir='ltr'><strong>insigne</strong></span> <span class='ocrx_word' id='word_1_169' title='bbox 827 2793 1074 2856; x_wconf 85' lang='lat' dir='ltr'><strong>Caesarianeruun</strong></span> 
     </span>
     <span class='ocr_line' id='line_1_24' title="bbox 45 2890 1075 2972; baseline -0.005 -16"><span class='ocrx_word' id='word_1_170' title='bbox 45 2900 153 2972; x_wconf 83' lang='lat' dir='ltr'><strong>partium</strong></span> <span class='ocrx_word' id='word_1_171' title='bbox 174 2898 273 2962; x_wconf 89' lang='lat' dir='ltr'><strong>odium</strong></span> <span class='ocrx_word' id='word_1_172' title='bbox 290 2896 374 2958; x_wconf 84' lang='lat' dir='ltr'><strong>exsul</strong></span> <span class='ocrx_word' id='word_1_173' title='bbox 394 2903 454 2956; x_wconf 90' lang='lat' dir='ltr'><strong>tum</strong></span> <span class='ocrx_word' id='word_1_174' title='bbox 470 2892 622 2970; x_wconf 75' lang='lat' dir='ltr'><strong>Mitylenis</strong></span> <span class='ocrx_word' id='word_1_175' title='bbox 638 2901 822 2965; x_wconf 82' lang='lat' dir='ltr'><strong>uersaretur,</strong></span> <span class='ocrx_word' id='word_1_176' title='bbox 844 2893 961 2952; x_wconf 89' lang='lat' dir='ltr'><strong>summis</strong></span> <span class='ocrx_word' id='word_1_177' title='bbox 976 2890 1075 2952; x_wconf 91' lang='lat' dir='ltr'><strong>laudi-</strong></span> 
     </span>
     <span class='ocr_line' id='line_1_25' title="bbox 45 2990 1115 3067; baseline -0.007 -9"><span class='ocrx_word' id='word_1_178' title='bbox 45 2994 85 3058; x_wconf 87' lang='lat' dir='ltr'><strong>lus</strong></span> <span class='ocrx_word' id='word_1_179' title='bbox 103 3000 233 3062; x_wconf 90' lang='lat' dir='ltr'><strong>cumulat</strong></span> <span class='ocrx_word' id='word_1_180' title='bbox 247 2997 351 3062; x_wconf 91' lang='lat' dir='ltr'><strong>Cicero</strong></span> <span class='ocrx_word' id='word_1_181' title='bbox 373 2996 404 3055; x_wconf 87' lang='lat' dir='ltr'><strong>in</strong></span> <span class='ocrx_word' id='word_1_182' title='bbox 419 2995 527 3067; x_wconf 87' lang='lat' dir='ltr'><strong>Bruto,</strong></span> <span class='ocrx_word' id='word_1_183' title='bbox 549 2990 653 3052; x_wconf 91' lang='lat' dir='ltr'><strong>iisdem</strong></span> <span class='ocrx_word' id='word_1_184' title='bbox 674 2991 934 3053; x_wconf 83' lang='lat' dir='ltr'><strong>exercitationibus</strong></span> <span class='ocrx_word' id='word_1_185' title='bbox 956 3007 992 3050; x_wconf 88' lang='lat' dir='ltr'><strong>ao</strong></span> <span class='ocrx_word' id='word_1_186' title='bbox 1014 2997 1075 3051; x_wconf 87' lang='lat' dir='ltr'><strong>stu·</strong></span> <span class='ocrx_word' id='word_1_187' title='bbox 1110 3011 1115 3020; x_wconf 92' lang='lat'>·</span> 
     </span>
    </p>
   </div>
   <div class='ocr_carea' id='block_1_6' title="bbox 46 3099 238 3116">
    <p class='ocr_par' dir='ltr' id='par_1_6' title="bbox 46 3099 238 3116">
     <span class='ocr_line' id='line_1_26' title="bbox 46 3099 238 3116; baseline -0.005 -2"><span class='ocrx_word' id='word_1_188' title='bbox 46 3099 238 3116; x_wconf 47' lang='grc' dir='ltr'><strong><em>ψ</em></strong></span> 
     </span>
    </p>
   </div>
   <div class='ocr_carea' id='block_1_7' title="bbox 45 3151 1076 4336">
    <p class='ocr_par' dir='ltr' id='par_1_7' title="bbox 46 3151 1076 3318">
     <span class='ocr_line' id='line_1_27' title="bbox 46 3151 1076 3230; baseline -0.003 -21"><span class='ocrx_word' id='word_1_189' title='bbox 46 3155 117 3230; x_wconf 82' lang='lat' dir='ltr'><strong>Piglnii</strong></span> <span class='ocrx_word' id='word_1_190' title='bbox 142 3175 249 3228; x_wconf 88' lang='lat' dir='ltr'><strong>sequor</strong></span> <span class='ocrx_word' id='word_1_191' title='bbox 270 3155 431 3211; x_wconf 88' lang='lat' dir='ltr'><strong>sententiam</strong></span> <span class='ocrx_word' id='word_1_192' title='bbox 458 3153 668 3224; x_wconf 88' lang='lat' dir='ltr'><strong>subscriptorem</strong></span> <span class='ocrx_word' id='word_1_193' title='bbox 693 3153 774 3208; x_wconf 82' lang='lat' dir='ltr'><strong>Gellii</strong></span> <span class='ocrx_word' id='word_1_194' title='bbox 797 3152 916 3208; x_wconf 85' lang='lat' dir='ltr'><strong>Lollium</strong></span> <span class='ocrx_word' id='word_1_195' title='bbox 939 3151 1023 3207; x_wconf 85' lang='lat' dir='ltr'><strong>luisse</strong></span> <span class='ocrx_word' id='word_1_196' title='bbox 1047 3161 1076 3206; x_wconf 90' lang='lat' dir='ltr'><strong>et</strong></span> 
     </span>
     <span class='ocr_line' id='line_1_28' title="bbox 46 3239 943 3318; baseline -0.008 -20"><span class='ocrx_word' id='word_1_197' title='bbox 46 3244 200 3300; x_wconf 79' lang='lat' dir='ltr'><strong>oCioerone</strong></span> <span class='ocrx_word' id='word_1_198' title='bbox 221 3243 317 3297; x_wconf 88' lang='lat' dir='ltr'><strong>dictum</strong></span> <span class='ocrx_word' id='word_1_199' title='bbox 335 3239 481 3318; x_wconf 72' lang='lat' dir='ltr'><strong>aliquando</strong></span> <span class='ocrx_word' id='word_1_200' title='bbox 500 3239 658 3293; x_wconf 85' lang='lat' dir='ltr'><strong>honestiore</strong></span> <span class='ocrx_word' id='word_1_201' title='bbox 674 3240 792 3295; x_wconf 90' lang='lat' dir='ltr'><strong>numine.</strong></span> <span class='ocrx_word' id='word_1_202' title='bbox 862 3307 867 3315; x_wconf 24' lang='grc' dir='ltr'>ι</span> <span class='ocrx_word' id='word_1_203' title='bbox 941 3263 943 3270; x_wconf 85' lang='grc'><em>·</em></span> 
     </span>
    </p>

    <p class='ocr_par' dir='ltr' id='par_1_8' title="bbox 45 3319 1076 4336">
     <span class='ocr_line' id='line_1_29' title="bbox 99 3319 1076 3400; baseline -0.008 -14"><span class='ocrx_word' id='word_1_204' title='bbox 99 3331 144 3400; x_wconf 66' lang='lat'><strong>92)</strong></span> <span class='ocrx_word' id='word_1_205' title='bbox 162 3329 272 3386; x_wconf 81' lang='lat' dir='ltr'><strong>Caelius</strong></span> <span class='ocrx_word' id='word_1_206' title='bbox 291 3328 326 3382; x_wconf 85' lang='lat' dir='ltr'><strong>ad</strong></span> <span class='ocrx_word' id='word_1_207' title='bbox 341 3327 503 3384; x_wconf 86' lang='lat' dir='ltr'><strong>Ciceronem</strong></span> <span class='ocrx_word' id='word_1_208' title='bbox 516 3323 589 3378; x_wconf 85' lang='lat' dir='ltr'><strong>Vlll.</strong></span> <span class='ocrx_word' id='word_1_209' title='bbox 604 3319 674 3390; x_wconf 72' lang='lat' dir='ltr'><strong>4‚&#39;l.</strong></span> <span class='ocrx_word' id='word_1_210' title='bbox 695 3325 727 3392; x_wconf 83' lang='grc'><strong>9,</strong></span> <span class='ocrx_word' id='word_1_211' title='bbox 740 3326 765 3379; x_wconf 90' lang='grc'><strong>5.</strong></span> <span class='ocrx_word' id='word_1_212' title='bbox 800 3325 964 3393; x_wconf 76' lang='lat' dir='ltr'><strong>Quanquam</strong></span> <span class='ocrx_word' id='word_1_213' title='bbox 981 3325 1076 3393; x_wconf 86' lang='lat' dir='ltr'><strong>priore</strong></span> 
     </span>
     <span class='ocr_line' id='line_1_30' title="bbox 45 3409 1075 3488; baseline 0.001 -26"><span class='ocrx_word' id='word_1_214' title='bbox 45 3411 94 3467; x_wconf 86' lang='lat' dir='ltr'><strong>locu</strong></span> <span class='ocrx_word' id='word_1_215' title='bbox 110 3417 195 3488; x_wconf 83' lang='lat' dir='ltr'><strong>vulgo</strong></span> <span class='ocrx_word' id='word_1_216' title='bbox 215 3415 340 3485; x_wconf 84' lang='lat' dir='ltr'><strong>leguntur</strong></span> <span class='ocrx_word' id='word_1_217' title='bbox 364 3411 534 3482; x_wconf 80' lang='lat' dir='ltr'><strong>ignotissima</strong></span> <span class='ocrx_word' id='word_1_218' title='bbox 556 3410 667 3464; x_wconf 87' lang='lat' dir='ltr'><strong>uomina</strong></span> <span class='ocrx_word' id='word_1_219' title='bbox 685 3409 730 3464; x_wconf 83' lang='lat' dir='ltr'><strong>M.</strong></span> <span class='ocrx_word' id='word_1_220' title='bbox 750 3410 888 3464; x_wconf 80' lang='lat' dir='ltr'><strong>cuiusdam</strong></span> <span class='ocrx_word' id='word_1_221' title='bbox 910 3410 1031 3466; x_wconf 75' lang='lat' dir='ltr'><strong>Claudii</strong></span> <span class='ocrx_word' id='word_1_222' title='bbox 1047 3417 1075 3464; x_wconf 91' lang='lat' dir='ltr'><strong>et</strong></span> 
     </span>
     <span class='ocr_line' id='line_1_31' title="bbox 47 3493 1075 3574; baseline 0.002 -26"><span class='ocrx_word' id='word_1_223' title='bbox 47 3496 145 3554; x_wconf 90' lang='lat' dir='ltr'><strong>duorum</strong></span> <span class='ocrx_word' id='word_1_224' title='bbox 167 3499 322 3556; x_wconf 76' lang='lat' dir='ltr'><strong>Gallorum</strong></span> <span class='ocrx_word' id='word_1_225' title='bbox 339 3515 390 3570; x_wconf 88' lang='lat' dir='ltr'><strong>pro</strong></span> <span class='ocrx_word' id='word_1_226' title='bbox 406 3495 514 3574; x_wconf 72' lang='lat' dir='ltr'><strong>Galliis</strong></span> <span class='ocrx_word' id='word_1_227' title='bbox 532 3501 559 3547; x_wconf 89' lang='lat' dir='ltr'><strong>et</strong></span> <span class='ocrx_word' id='word_1_228' title='bbox 579 3493 713 3559; x_wconf 82' lang='lat' dir='ltr'><strong>Calidio,</strong></span> <span class='ocrx_word' id='word_1_229' title='bbox 731 3496 819 3549; x_wconf 80' lang='lat' dir='ltr'><strong>alteru</strong></span> <span class='ocrx_word' id='word_1_230' title='bbox 837 3505 927 3548; x_wconf 86' lang='lat' dir='ltr'><strong>eutem</strong></span> <span class='ocrx_word' id='word_1_231' title='bbox 944 3495 1075 3558; x_wconf 79' lang='lat' dir='ltr'><strong>Canidii,</strong></span> 
     </span>
     <span class='ocr_line' id='line_1_32' title="bbox 47 3579 1076 3650; baseline 0 -16"><span class='ocrx_word' id='word_1_232' title='bbox 47 3599 114 3650; x_wconf 86' lang='lat' dir='ltr'><strong>quem</strong></span> <span class='ocrx_word' id='word_1_233' title='bbox 137 3588 210 3639; x_wconf 89' lang='lat' dir='ltr'><strong>inter</strong></span> <span class='ocrx_word' id='word_1_234' title='bbox 234 3595 357 3640; x_wconf 86' lang='lat' dir='ltr'><strong>oratores</strong></span> <span class='ocrx_word' id='word_1_235' title='bbox 382 3592 409 3636; x_wconf 90' lang='lat' dir='ltr'><strong>et</strong></span> <span class='ocrx_word' id='word_1_236' title='bbox 433 3583 624 3637; x_wconf 88' lang='lat' dir='ltr'><strong>disertissimos</strong></span> <span class='ocrx_word' id='word_1_237' title='bbox 643 3581 750 3649; x_wconf 90' lang='lat' dir='ltr'><strong>quidem</strong></span> <span class='ocrx_word' id='word_1_238' title='bbox 775 3581 833 3632; x_wconf 90' lang='lat' dir='ltr'><strong>eius</strong></span> <span class='ocrx_word' id='word_1_239' title='bbox 857 3589 975 3633; x_wconf 84' lang='lat' dir='ltr'><strong>aetatem</strong></span> <span class='ocrx_word' id='word_1_240' title='bbox 993 3579 1076 3634; x_wconf 82' lang='lat' dir='ltr'><strong>luisse</strong></span> 
     </span>
     <span class='ocr_line' id='line_1_33' title="bbox 46 3659 1076 3737; baseline 0.001 -16"><span class='ocrx_word' id='word_1_241' title='bbox 46 3682 113 3722; x_wconf 87' lang='lat' dir='ltr'><strong>nemo</strong></span> <span class='ocrx_word' id='word_1_242' title='bbox 125 3672 210 3725; x_wconf 87' lang='lat' dir='ltr'><strong>novit.</strong></span> <span class='ocrx_word' id='word_1_243' title='bbox 236 3669 387 3737; x_wconf 89' lang='lat' dir='ltr'><strong>Utrumque</strong></span> <span class='ocrx_word' id='word_1_244' title='bbox 400 3659 489 3720; x_wconf 86' lang='lat' dir='ltr'><strong>lucum</strong></span> <span class='ocrx_word' id='word_1_245' title='bbox 499 3685 544 3730; x_wconf 83' lang='lat' dir='ltr'><strong>¹en</strong></span> <span class='ocrx_word' id='word_1_246' title='bbox 559 3663 689 3720; x_wconf 88' lang='lat' dir='ltr'><strong>Medieeu</strong></span> <span class='ocrx_word' id='word_1_247' title='bbox 704 3664 799 3718; x_wconf 87' lang='lat' dir='ltr'><strong>codice</strong></span> <span class='ocrx_word' id='word_1_248' title='bbox 813 3665 932 3718; x_wconf 80' lang='lat' dir='ltr'><strong>currerit</strong></span> <span class='ocrx_word' id='word_1_249' title='bbox 947 3661 1076 3722; x_wconf 86' lang='lat' dir='ltr'><strong>Orellius.</strong></span> 
     </span>
     <span class='ocr_line' id='line_1_34' title="bbox 47 3749 1076 3823; baseline 0.002 -21"><span class='ocrx_word' id='word_1_250' title='bbox 47 3749 127 3808; x_wconf 88' lang='lat' dir='ltr'><strong>Simile</strong></span> <span class='ocrx_word' id='word_1_251' title='bbox 143 3756 238 3810; x_wconf 82' lang='lat' dir='ltr'><strong>vitium</strong></span> <span class='ocrx_word' id='word_1_252' title='bbox 249 3753 369 3808; x_wconf 90' lang='lat' dir='ltr'><strong>Nonium</strong></span> <span class='ocrx_word' id='word_1_253' title='bbox 386 3753 532 3822; x_wconf 86' lang='lat' dir='ltr'><strong>occupavit</strong></span> <span class='ocrx_word' id='word_1_254' title='bbox 548 3771 577 3807; x_wconf 86' lang='lat' dir='ltr'><strong>v.</strong></span> <span class='ocrx_word' id='word_1_255' title='bbox 593 3751 670 3823; x_wconf 69' lang='lat' dir='ltr'><strong>loyi,</strong></span> <span class='ocrx_word' id='word_1_256' title='bbox 688 3749 761 3820; x_wconf 86' lang='lat' dir='ltr'><strong>apud</strong></span> <span class='ocrx_word' id='word_1_257' title='bbox 779 3765 858 3819; x_wconf 85' lang='lat' dir='ltr'><strong>quem</strong></span> <span class='ocrx_word' id='word_1_258' title='bbox 875 3750 974 3822; x_wconf 83' lang='lat' dir='ltr'><strong>legitur</strong></span> <span class='ocrx_word' id='word_1_259' title='bbox 991 3749 1076 3805; x_wconf 80' lang='lat' dir='ltr'><strong>Glauc-</strong></span> 
     </span>
     <span class='ocr_line' id='line_1_35' title="bbox 47 3835 1075 3906; baseline 0.001 -19"><span class='ocrx_word' id='word_1_260' title='bbox 47 3835 106 3891; x_wconf 85' lang='lat' dir='ltr'><strong>dtue</strong></span> <span class='ocrx_word' id='word_1_261' title='bbox 130 3844 160 3893; x_wconf 85' lang='lat' dir='ltr'><strong>tu</strong></span> <span class='ocrx_word' id='word_1_262' title='bbox 186 3840 341 3904; x_wconf 77' lang='lat' dir='ltr'><strong>Quintium</strong></span> <span class='ocrx_word' id='word_1_263' title='bbox 369 3836 501 3901; x_wconf 64' lang='lat' dir='ltr'><strong>Gallum</strong></span> <span class='ocrx_word' id='word_1_264' title='bbox 527 3839 647 3890; x_wconf 83' lang='lat' dir='ltr'><strong>currerit</strong></span> <span class='ocrx_word' id='word_1_265' title='bbox 667 3835 803 3906; x_wconf 86' lang='lat' dir='ltr'><strong>Meyerus</strong></span> <span class='ocrx_word' id='word_1_266' title='bbox 823 3853 854 3905; x_wconf 22' lang='lat' dir='ltr'><strong>xp.</strong></span> <span class='ocrx_word' id='word_1_267' title='bbox 872 3835 932 3890; x_wconf 72' lang='lat'><strong>200.</strong></span> <span class='ocrx_word' id='word_1_268' title='bbox 956 3837 999 3890; x_wconf 89' lang='lat' dir='ltr'><strong>ed.</strong></span> <span class='ocrx_word' id='word_1_269' title='bbox 1017 3844 1075 3889; x_wconf 83' lang='lat' dir='ltr'><strong>vet.</strong></span> 
     </span>
     <span class='ocr_line' id='line_1_36' title="bbox 47 3917 1075 3994; baseline -0.003 -21"><span class='ocrx_word' id='word_1_270' title='bbox 47 3917 110 3975; x_wconf 88' lang='lat' dir='ltr'><strong>ldem</strong></span> <span class='ocrx_word' id='word_1_271' title='bbox 134 3933 224 3978; x_wconf 86' lang='lat' dir='ltr'><strong>tumen</strong></span> <span class='ocrx_word' id='word_1_272' title='bbox 246 3923 379 3994; x_wconf 83' lang='lat' dir='ltr'><strong>Meyerus</strong></span> <span class='ocrx_word' id='word_1_273' title='bbox 401 3924 602 3978; x_wconf 81' lang='lat' dir='ltr'><strong>accusationem</strong></span> <span class='ocrx_word' id='word_1_274' title='bbox 622 3922 720 3976; x_wconf 83' lang='lat' dir='ltr'><strong>Calidii</strong></span> <span class='ocrx_word' id='word_1_275' title='bbox 743 3939 761 3974; x_wconf 88' lang='lat' dir='ltr'><strong>a</strong></span> <span class='ocrx_word' id='word_1_276' title='bbox 778 3919 873 3975; x_wconf 85' lang='lat' dir='ltr'><strong>Caelio</strong></span> <span class='ocrx_word' id='word_1_277' title='bbox 898 3927 1075 3972; x_wconf 83' lang='lat' dir='ltr'><strong>memoratam</strong></span> 
     </span>
     <span class='ocr_line' id='line_1_37' title="bbox 48 4002 1075 4080; baseline -0.009 -20"><span class='ocrx_word' id='word_1_278' title='bbox 48 4002 77 4060; x_wconf 76' lang='lat' dir='ltr'><strong>ii.</strong></span> <span class='ocrx_word' id='word_1_279' title='bbox 93 4007 169 4062; x_wconf 85' lang='lat' dir='ltr'><strong>Gellii</strong></span> <span class='ocrx_word' id='word_1_280' title='bbox 191 4009 275 4080; x_wconf 84' lang='lat' dir='ltr'><strong>patris</strong></span> <span class='ocrx_word' id='word_1_281' title='bbox 299 4009 363 4062; x_wconf 85' lang='lat' dir='ltr'><strong>dicit</strong></span> <span class='ocrx_word' id='word_1_282' title='bbox 385 4025 461 4072; x_wconf 86' lang='lat' dir='ltr'><strong>esse;</strong></span> <span class='ocrx_word' id='word_1_283' title='bbox 486 4006 563 4077; x_wconf 85' lang='lat' dir='ltr'><strong>qrrasi</strong></span> <span class='ocrx_word' id='word_1_284' title='bbox 583 4006 691 4060; x_wconf 83' lang='lat' dir='ltr'><strong>Caelius</strong></span> <span class='ocrx_word' id='word_1_285' title='bbox 713 4005 748 4058; x_wconf 89' lang='lat' dir='ltr'><strong>de</strong></span> <span class='ocrx_word' id='word_1_286' title='bbox 767 4021 801 4056; x_wconf 89' lang='lat' dir='ltr'><strong>eu</strong></span> <span class='ocrx_word' id='word_1_287' title='bbox 815 4003 941 4056; x_wconf 86' lang='lat' dir='ltr'><strong>Ciceroni</strong></span> <span class='ocrx_word' id='word_1_288' title='bbox 965 4003 993 4052; x_wconf 89' lang='lat' dir='ltr'><strong>iu</strong></span> <span class='ocrx_word' id='word_1_289' title='bbox 1011 4017 1075 4068; x_wconf 85' lang='lat' dir='ltr'><strong>pro·</strong></span> 
     </span>
     <span class='ocr_line' id='line_1_38' title="bbox 48 4083 1074 4164; baseline -0.005 -24"><span class='ocrx_word' id='word_1_290' title='bbox 48 4090 152 4148; x_wconf 85' lang='lat' dir='ltr'><strong>vinclum</strong></span> <span class='ocrx_word' id='word_1_291' title='bbox 168 4095 287 4148; x_wconf 86' lang='lat' dir='ltr'><strong>seribere</strong></span> <span class='ocrx_word' id='word_1_292' title='bbox 305 4095 440 4164; x_wconf 89' lang='lat' dir='ltr'><strong>potuisset</strong></span> <span class='ocrx_word' id='word_1_293' title='bbox 460 4091 666 4162; x_wconf 78' lang='lat' dir='ltr'><strong>quatuordecim</strong></span> <span class='ocrx_word' id='word_1_294' title='bbox 684 4089 762 4144; x_wconf 89' lang='lat' dir='ltr'><strong>annis</strong></span> <span class='ocrx_word' id='word_1_295' title='bbox 782 4093 846 4157; x_wconf 86' lang='lat' dir='ltr'><strong>post</strong></span> <span class='ocrx_word' id='word_1_296' title='bbox 866 4085 937 4138; x_wconf 90' lang='lat' dir='ltr'><strong>etei</strong></span> <span class='ocrx_word' id='word_1_297' title='bbox 958 4083 1074 4152; x_wconf 87' lang='lat' dir='ltr'><strong>quidem,</strong></span> 
     </span>
     <span class='ocr_line' id='line_1_39' title="bbox 50 4167 1073 4248; baseline -0.005 -17"><span class='ocrx_word' id='word_1_298' title='bbox 50 4176 85 4239; x_wconf 78' lang='lat' dir='ltr'><strong>oui</strong></span> <span class='ocrx_word' id='word_1_299' title='bbox 108 4171 264 4233; x_wconf 77' lang='lat' dir='ltr'><strong>adversarii</strong></span> <span class='ocrx_word' id='word_1_300' title='bbox 278 4187 410 4248; x_wconf 83' lang='lat' dir='ltr'><strong>patrunus</strong></span> <span class='ocrx_word' id='word_1_301' title='bbox 433 4175 544 4232; x_wconf 79' lang='lat' dir='ltr'><strong>fuisset!</strong></span> <span class='ocrx_word' id='word_1_302' title='bbox 628 4175 674 4243; x_wconf 80' lang='grc'><strong>93)</strong></span> <span class='ocrx_word' id='word_1_303' title='bbox 698 4171 754 4233; x_wconf 79' lang='lat' dir='ltr'><strong>Cic&#39;.</strong></span> <span class='ocrx_word' id='word_1_304' title='bbox 777 4169 856 4227; x_wconf 90' lang='lat' dir='ltr'><strong>Brut.</strong></span> <span class='ocrx_word' id='word_1_305' title='bbox 876 4169 918 4226; x_wconf 86' lang='grc'><strong>79.</strong></span> <span class='ocrx_word' id='word_1_306' title='bbox 937 4167 981 4225; x_wconf 80' lang='grc'><strong>80.</strong></span> <span class='ocrx_word' id='word_1_307' title='bbox 1009 4169 1073 4226; x_wconf 80' lang='lat' dir='ltr'><strong>Asc.</strong></span> 
     </span>
     <span class='ocr_line' id='line_1_40' title="bbox 51 4257 678 4336; baseline -0.002 -21"><span class='ocrx_word' id='word_1_308' title='bbox 51 4258 80 4311; x_wconf 73' lang='lat' dir='ltr'><strong>cd</strong></span> <span class='ocrx_word' id='word_1_309' title='bbox 94 4261 184 4321; x_wconf 82' lang='lat' dir='ltr'><strong>Seuur.</strong></span> <span class='ocrx_word' id='word_1_310' title='bbox 203 4283 229 4336; x_wconf 87' lang='lat' dir='ltr'><strong>p.</strong></span> <span class='ocrx_word' id='word_1_311' title='bbox 246 4263 289 4320; x_wconf 78' lang='lat' dir='ltr'><strong>io.</strong></span> <span class='ocrx_word' id='word_1_312' title='bbox 317 4261 430 4324; x_wconf 71' lang='lat' dir='ltr'><strong>Quintil.</strong></span> <span class='ocrx_word' id='word_1_313' title='bbox 448 4263 483 4320; x_wconf 84' lang='lat' dir='ltr'><strong>X.</strong></span> <span class='ocrx_word' id='word_1_314' title='bbox 505 4261 532 4330; x_wconf 91' lang='lat'><strong>1,</strong></span> <span class='ocrx_word' id='word_1_315' title='bbox 549 4259 592 4318; x_wconf 72' lang='lat'><strong>23.</strong></span> <span class='ocrx_word' id='word_1_316' title='bbox 626 4257 630 4264; x_wconf 82' lang='grc'><strong>’</strong></span> <span class='ocrx_word' id='word_1_317' title='bbox 675 4299 678 4308; x_wconf 60' lang='lat'><strong><em>.</em></strong></span> 
     </span>
    </p>
   </div>
   <div class='ocr_carea' id='block_1_8' title="bbox 0 0 1335 4776">
    <p class='ocr_par' dir='ltr' id='par_1_9' title="bbox 0 0 1335 4776">
     <span class='ocr_line' id='line_1_41' title="bbox 0 0 1335 4776; baseline 0 0"><span class='ocrx_word' id='word_1_318' title='bbox 0 0 1335 4776; x_wconf 95' lang='lat' dir='ltr'><strong> </strong></span> 
     </span>
    </p>
   </div>
  </div>
 </body>
</html>
