2660 4776
174 447 177 452 ·
254 439 406 510 ossus
427 405 726 525 succisurus
748 443 851 514 acm.
874 445 982 516 mss.
1063 449 1144 522 141

86 616 192 674 comma
220 613 376 676 minatae
401 614 522 680 Antonii
549 634 577 680 o.
605 619 683 694 722,
715 625 747 682 ut
773 616 889 685 uidetur
904 614 968 699 (¹⁹).
1012 617 1088 685 Nam
1112 623 1143 681 in

86 715 228 776 Ptonocm
252 717 350 780 oratio
373 717 484 802 scripta
506 725 563 796 est,
586 735 645 782 non
665 719 776 784 habita

568 883 595 967 ᾗ.
618 886 669 952 54.

512 996 554 1056 M.
573 999 716 1056 Messalla.

166 1121 238 1186 Hoc
267 1119 400 1204 dignior,
429 1137 516 1202 mem
538 1140 603 1184 cum
624 1140 725 1186 amore
747 1119 874 1204 quodam
896 1130 925 1186 et
946 1119 1139 1188 admiratione

83 1222 298 1303 suspiciamus,
331 1222 482 1288 habendus
513 1232 557 1286 est
584 1225 628 1288 Μ.
655 1225 793 1292 Valerius
819 1225 968 1288 Messalla
995 1225 1139 1290 Coruinus

82 1339 203 1398 eorum,
224 1325 278 1406 qui
295 1341 329 1386 re
345 1324 467 1406 publica
476 1324 574 1388 libera
585 1325 751 1390 clarescere
762 1333 931 1408 coeperunt,
946 1325 1064 1390 ultimus
1076 1320 1139 1405 (²⁰).

165 1423 216 1486 De
246 1432 335 1504 gente
356 1425 478 1490 Valeria
500 1427 621 1508 eiusque
641 1424 763 1490 lamiliis
784 1428 944 1508 autiqsritus
965 1427 1008 1488 ita
1027 1427 1138 1504 diuisis,

82 1529 112 1585 ut
138 1541 178 1586 uc
209 1527 399 1606 cognationis
429 1527 545 1608 quidem
570 1529 647 1590 iuter
666 1529 815 1593 Laeuiuos
842 1535 871 1590 et
892 1528 1054 1592 Messallae
1077 1545 1137 1592 me-

83 1625 178 1686 moria
205 1635 342 1690 moueret
359 1622 426 1708 (²¹),
459 1627 558 1691 dicere
583 1647 642 1692 nou
670 1636 715 1692 est
743 1647 827 1711 opus.
876 1628 949 1704 Hic,
978 1629 1059 1692 cuius
1087 1645 1138 1690 res

81 1729 263 1803 tractamus,
290 1736 404 1808 patrem
430 1729 534 1792 hahuit
552 1729 596 1794 M.
619 1730 770 1796 Valerium
792 1729 967 1794 Messallam
987 1729 1137 1792 consulem

81 1841 142 1888 cum
166 1827 223 1890 cn
248 1827 377 1892 Domitio
396 1828 519 1894 Galuiuo
539 1849 567 1892 a.
588 1833 668 1907 701,
690 1839 812 1894 matrem
826 1831 1014 1894 Hortensium
1035 1837 1137 1892 orato-

79 1924 119 1986 ris
142 1926 243 1990 iliam
261 1925 323 2010 (Ὦ).
357 1930 418 1994 Sed
440 1931 478 1993 de
497 1930 591 1992 natali
611 1949 687 1994 auro
708 1950 767 1994 uou
788 1933 861 1994 satis
880 1930 967 1994 uideo
989 1937 1142 1992 constare:
1232 1935 1239 1948 '

80 2024 225 2108 Plerique
248 2031 324 2095 cuim
344 2031 467 2097 Eusebii
488 2030 627 2102 Ghrouici
648 2032 802 2111 scriptoris
823 2032 954 2092 rationes
976 2038 1136 2111 sequuntur

81 2125 114 2202 Q.
138 2128 277 2194 Caecilio
298 2131 426 2196 Metello
449 2129 554 2195 Celere
583 2131 814 2197 castrando
841 2129 1008 2191 consulibus
1036 2137 1134 2192 uatum

82 2228 293 2307 existimanda
313 2231 345 2294 id
366 2238 410 2294 est
432 2249 508 2295 auno
529 2233 611 2296 urhis
632 2235 706 2298 694.
748 2231 857 2297 Verum
878 2231 935 2295 hoc
951 2229 1030 2294 falso
1053 2229 1134 2294 credi

83 2325 190 2394 dudum
225 2331 325 2394 docuit
354 2334 402 2398 uir
432 2351 559 2396 summus
591 2334 734 2418 Iosephus
767 2331 906 2412 Scaliger
924 2327 986 2414 (Ἃ).Ι
1040 2331 1134 2394 Huius

81 2439 323 2508 argumentorum
353 2435 428 2500 hacc
459 2444 525 2500 suut
559 2435 667 2518 capita.
716 2434 877 2508 Eusebius,
908 2433 940 2496 in
969 2433 1026 2498 hoc
1056 2431 1134 2494 alios

81 2537 221 2596 auctores
251 2541 384 2612 secutos,
413 2535 575 2602 decessisse
598 2535 774 2602 Messallam
796 2533 923 2597 afirmat
943 2535 1134 2618 septuaginta

82 2620 153 2694 duos
185 2653 281 2700 auuos
308 2644 423 2712 uatom;
455 2645 535 2702 recte
561 2657 642 2702 sane.
691 2635 752 2704 Sed
781 2653 845 2698 cum
872 2633 1008 2718 pluribus
1035 2633 1134 2700 Ouidii

81 2727 154 2794 locis
173 2729 231 2816 (Ἃ)
248 2731 320 2798 'iam
347 2739 520 2802 exstinctum
544 2740 653 2814 luisse,
682 2757 747 2802 cum
766 2737 820 2799 ille
838 2737 923 2800 exsul
941 2743 1020 2811 erat,
1048 2735 1133 2798 Mes·

81 2831 188 2896 callam
212 2835 358 2900 efficiatur
380 2846 409 2900 et
430 2841 558 2921 scriptor
578 2839 694 2918 dialogi
713 2837 750 2900 de
772 2837 941 2900 oratoribus
968 2839 1044 2898 huuc
1066 2835 1132 2914 qui-

81 2927 143 2994 dem
170 2935 211 2998 ad
233 2938 359 3000 medium
379 2955 473 3018 usque
492 2939 620 3016 Augusti
639 2938 835 3018 principatum
857 2935 980 2998 durasse
999 2940 1132 3010 testetur,

80 3030 215 3096 Asinium
248 3045 345 3098 autem
370 3037 536 3100 Pollionem
569 3036 608 3098 ad
639 3044 799 3116 exmempm
817 3029 887 3115 (²5),
917 3033 1061 3098 Eusebius
1095 3031 1132 3094 de

81 3141 145 3196 ortu
167 3135 253 3198 illius
275 3137 394 3222 errauit.
436 3137 560 3200 Biennio
583 3137 659 3213 emim
687 3143 755 3199 ante
774 3138 937 3216 Augustum
959 3133 1130 3196 exstinctum

80 3230 261 3299 Messallae-
278 3256 358 3305 mors
390 3238 528 3322 ponenda
560 3244 653 3316 esset,
684 3245 717 3301 ut
748 3235 918 3302 aMetello
950 3241 979 3298 et
1004 3233 1130 3298 Airauio

80 3385 291 3408 ᾐ--ι-

148 3501 195 3570 19)
220 3501 295 3557 Dial.
316 3503 351 3560 de
368 3511 449 3561 oratt.
468 3503 511 3562 38.
542 3504 635 3566 Quint.
654 3504 700 3562 lv.
718 3505 748 3572 l,
767 3503 807 3560 ll.
836 3501 898 3558 Vll.
916 3500 950 3569 2,
967 3503 993 3556 4.
1029 3499 1130 3554 Partes

81 3595 204 3641 servam
231 3587 363 3644 habemus
389 3591 464 3661 apud
490 3590 602 3650 Quintil.
626 3589 688 3646 Vll.
712 3589 744 3657 2,
768 3589 810 3644 26.
825 3587 827 3594 '
843 3587 948 3643 Charis.
974 3601 1001 3655 p.
1022 3583 1065 3640 44.
1085 3583 1128 3638 59.

82 3665 127 3734 ill)
152 3669 209 3724 Res
231 3670 383 3730 Messallae
408 3683 559 3732 aestuant
581 3673 729 3746 laevesque
751 3674 787 3728 de
808 3671 935 3744 Buriguy
957 3669 1026 3724 ilisa
1051 3665 1128 3722 acad.

83 3746 215 3828 Ftaacog„
227 3756 326 3814 lusera
345 3766 373 3814 et
387 3759 439 3815 ldt.
452 3759 532 3834 Elog.
551 3769 569 3816 t.
582 3759 711 3818 XXXIV.
736 3757 817 3816 Voss.
835 3759 871 3814 de
888 3757 949 3811 hist.
964 3753 1026 3810 Lat.
1043 3771 1071 3826 p.
1084 3749 1127 3822 Sl.

81 3831 235 3897 Broukhus.
255 3843 290 3897 ad
308 3843 368 3900 Tib.
380 3843 460 3918 Eleg.
477 3845 498 3900 l.
516 3847 541 3900 3.
576 3845 613 3900 lo.
629 3846 714 3901 Heur.
729 3839 845 3900 Vossius
863 3842 899 3896 ad
916 3839 992 3910 Virg.
1011 3838 1060 3894 ecl.
1077 3834 1127 3890 Vl.

84 3926 110 3972 el
125 3922 234 3982 Ludov.
251 3927 349 3984 Wiese
369 3932 398 3993 iu
415 3931 510 3986 libello
530 3949 554 3984 a.
572 3931 639 3986 1629
655 3930 783 3986 Beroliui
801 3928 888 3991 edito,
907 3941 989 3994 quem
1006 3919 1128 3982 mamclsci

82 4019 135 4061 uon
148 4013 239 4082 ¹potui.
272 4012 335 4070 Van
352 4015 417 4070 Hali
437 4016 577 4082 Batavus,
602 4017 646 4071 vir
668 4015 781 4080 doctus,
805 4010 919 4066 liberius
939 4003 1020 4061 llmxit
1037 4004 1126 4076 plura,

84 4103 161 4158 quam
185 4101 320 4169 exposuit.
400 4102 452 4171 tel)
476 4101 549 4158 Plio.
568 4099 603 4156 H.
620 4099 658 4156 N.
681 4099 702 4158 l.
725 4097 813 4171 praei.
838 4101 907 4149 extr.
993 4087 1040 4158 M)
1065 4087 1127 4144 Hoc

84 4173 197 4238 efficitur
208 4201 244 4238 ex
256 4185 321 4240 loco
332 4186 439 4242 Valerii
450 4185 569 4242 Maximi
579 4185 613 4242 V.
626 4185 694 4254 M.
783 4181 830 4248 23)
848 4173 1009 4238 adami.
1024 4190 1053 4248 p.
1065 4171 1124 4233 165.
1221 4205 1235 4234 a
1308 4231 1309 4234 ,

84 4252 126 4327 2⁴)
146 4261 185 4320 Ut
200 4267 283 4322 sont.
299 4267 320 4327 1.
340 4271 373 4341 7,
388 4271 431 4327 or.
519 4270 565 4341 ss)
589 4269 664 4326 oso.
684 4269 720 4328 aa
737 4273 818 4340 orsos.
839 4264 880 4320 ιτ.
