2640 4780
248 381 334 454 HC
643 374 905 446 CICERONIS

249 547 331 635 apud
359 557 390 614 te
417 555 479 626 ost,
514 547 634 628 Attico,
667 547 706 614 de
733 545 920 627 Coriolano,
945 547 1085 616 concede
1110 558 1234 630 tannen,
1262 561 1287 618 ut

247 666 320 733 huie
341 667 451 750 generi
470 667 579 734 mortis
599 667 702 754 potius
724 667 892 734 assentiar.

331 780 388 849 lll.
420 783 463 851 At
491 783 547 851 ille
581 785 709 874 ridens,
742 783 813 852 Tuo
841 802 935 862 vero,
971 785 1086 871 inquit,
1125 783 1285 864 arbitratu;

245 904 394 988 quostiam
424 903 548 988 quidem
579 923 765 970 conoessum
797 913 846 970 est
879 901 1056 970 rhetoribus
1089 905 1233 970 ementiri
1260 906 1287 970 in

246 1019 405 1098 historiis,
433 1031 465 1086 ut
491 1021 610 1108 aliquid
638 1020 743 1088 dicere
765 1022 888 1108 possint
909 1023 1058 1106 argutius.
1102 1031 1137 1088 ut
1159 1025 1241 1088 enim
1259 1031 1288 1088 tu

245 1156 327 1206 nunc
345 1138 383 1204 de
401 1136 587 1218 Coriolano,
611 1141 659 1206 sic
678 1138 869 1218 Clitarchus,
894 1142 942 1206 sic
960 1137 1135 1229 Stratocles
1153 1115 1192 1206 de
1210 1139 1287 1206 The-

245 1256 388 1324 mistocle
411 1255 506 1324 inxit.
547 1256 599 1324 ta.
620 1277 694 1324 narn
715 1277 806 1344 quem
827 1255 1045 1342 Thucydides,
1066 1259 1121 1343 qui
1143 1266 1174 1326 et
1195 1257 1288 1324 Athe-

245 1376 366 1442 niensis
384 1385 453 1440 erat
473 1386 504 1442 et
525 1395 644 1442 summo
665 1375 738 1444 luco
758 1385 851 1442 natus
868 1395 1065 1462 summusque
1083 1376 1132 1442 vir
1151 1385 1183 1442 et
1199 1375 1286 1464 paulo

247 1502 350 1560 aetate
378 1495 550 1580 posterior,
582 1503 700 1560 tantum
730 1503 883 1560 munuum
918 1494 1098 1592 scripsitqet
1128 1495 1162 1560 in
1185 1493 1288 1562 Attica

246 1611 328 1678 clam
359 1609 530 1689 humatum,
564 1611 684 1678 addidit
714 1611 813 1678 inisse
840 1613 1050 1699 suspicionem
1065 1629 1198 1679 ueneno
1230 1611 1289 1678 sibi

245 1731 605 1832 conscivisselmortem:
627 1729 709 1797 hunc
725 1731 779 1796 isti
795 1733 898 1809 airmt,
920 1750 990 1798 oum
1006 1740 1129 1798 taurum
1147 1703 1287 1798 immola

243 1851 359 1926 visset,
387 1850 550 1934 excepisse
580 1850 765 1934 sanguinem
794 1838 905 1936 patera
930 1858 961 1916 et
985 1869 1024 1915 eo
1044 1858 1117 1936 poto
1139 1857 1287 1916 munuum

244 1965 433 2034 concidisse.
466 1965 549 2034 hanc
571 1969 654 2034 enim
671 1977 800 2034 mortem
816 1966 972 2036 rhetorice
989 1977 1020 2034 et
1036 1968 1158 2051 tragice
1177 1985 1284 2034 ornare

242 2093 419 2172 potuerunt,
441 2084 499 2151 illa
520 2105 604 2152 mors
627 2083 769 2170 volgaris
790 2085 910 2152 nudlam
930 2083 1102 2173 praebebat
1127 2086 1285 2152 materiem

244 2203 286 2270 ad
314 2213 465 2301 ornatum.
510 2202 581 2282 Qua
608 2224 660 2284 re,
688 2207 835 2290 quoniam
862 2203 920 2271 tibi
941 2205 987 2270 ita
1006 2203 1156 2290 quadrat,
1186 2181 1311 2270 ammei

242 2321 342 2388 fnisse
370 2319 577 2388 Themistocli
604 2323 696 2407 paria
723 2332 753 2389 et
781 2321 968 2402 Coriolano,
998 2332 1139 2410 pateram
1168 2339 1285 2408 quoque

243 2458 265 2506 a
285 2457 335 2504 nne
353 2457 459 2505 sumas
475 2438 565 2504 licet:
587 2438 746 2526 praebebo
765 2442 859 2508 etiam
875 2440 1026 2519 hostiam,
1047 2450 1081 2507 ut
1099 2438 1286 2508 Coriolanus

243 2558 285 2626 sit
311 2556 404 2644 plane
435 2557 515 2624 alter
536 2555 776 2626 Themistocles.
818 2557 871 2626 44.
894 2557 944 2626 Sit
964 2578 1057 2637 sane,
1085 2560 1233 2646 iuquam,
1259 2565 1287 2624 ut

241 2675 343 2755 lubet,
366 2676 404 2743 de
422 2678 499 2744 isto:
523 2685 554 2742 et
575 2695 635 2761 ego
656 2677 778 2744 cautius
797 2676 929 2766 posthac
950 2676 1116 2746 historiam
1138 2679 1286 2762 attingam

304 2861 338 2903 tn.
364 2859 426 2912 apud
439 2863 461 2902 te
473 2859 517 2914 eet]
533 2863 569 2902 est
581 2859 640 2913 apud
653 2861 684 2901 te.

302 2929 335 2974 di.
364 2927 519 2983 Themistocli]
534 2930 556 2970 in
570 2927 728 2972 Themistocle.

309 3095 351 3152 43.
387 3096 470 3168 apud
488 3103 517 3151 de
535 3097 591 3164 ert]
609 3097 664 3162 sic,
683 3112 739 3150 non
757 3101 801 3150 eei
819 3094 903 3168 apud
918 3102 948 3150 te
966 3095 1009 3152 ed.
1027 3112 1068 3166 pr.
1087 3103 1115 3151 et
1133 3096 1216 3152 codd.
1237 3093 1283 3148 mei

239 3189 350 3254 praeter
366 3180 438 3234 Ven.
449 3181 474 3235 2.
497 3179 560 3235 Vst.
580 3179 676 3236 Ottob.
693 3207 729 3225 ν-
755 3182 918 3248 assentiar]
936 3181 1000 3234 ade.
1018 3179 1069 3252 Lg.
1085 3181 1111 3236 8.
1130 3181 1174 3240 51.

309 3265 358 3321 Xl.
394 3268 538 3335 quoniam
564 3266 694 3335 quidem]
724 3267 843 3336 quando
869 3266 988 3336 quidem
1008 3255 1057 3320 ed.
1085 3283 1125 3336 pr.
1167 3263 1282 3336 quando
1306 3227 1307 3232 ἵ

238 3350 290 3422 hg.
308 3349 350 3406 35.
368 3377 404 3392 ·-·
428 3351 577 3418 ementiri]
595 3355 718 3406 mentiri
733 3350 783 3423 Lg.
801 3350 835 3404 53
850 3367 921 3405 corr.
939 3350 981 3404 58.
1010 3357 1038 3404 ei
1053 3354 1176 3406 mentiri
1192 3351 1238 3405 35.
1255 3379 1283 3389 -

240 3434 418 3503 Stratocles]
439 3440 468 3487 et
485 3431 545 3488 Str.
565 3434 617 3490 Gu.
636 3437 657 3490 l.
684 3437 778 3490 Sicci
797 3439 955 3508 proelium
974 3435 1028 3490 dici
1043 3437 1131 3492 visum
1149 3435 1283 3507 plerisque

238 3521 307 3579 locis
326 3521 499 3576 librariorum
517 3519 622 3576 libidini
639 3520 762 3576 debetur.
925 3552 937 3578 ι

307 3606 350 3658 ta.
384 3605 525 3676 culparis]
548 3605 588 3658 sic
612 3604 681 3660 Ven.
703 3605 725 3658 l.
752 3601 848 3660 ottob.
873 3603 924 3676 [ις.
941 3603 1027 3660 8.-51.
1049 3633 1086 3644 -
1116 3603 1281 3668 materiem]

239 3692 403 3747 materiam
426 3689 477 3742 Gn.
498 3689 521 3744 l.
546 3689 597 3760 ng.
616 3690 641 3744 8.
660 3689 701 3744 51.
719 3689 761 3745 56.
778 3691 835 3745 CC:
857 3707 885 3744 v.
904 3691 934 3746 C.
954 3689 998 3746 Cr.
1019 3691 1047 3747 in
1064 3690 1121 3746 Cic.
1141 3691 1177 3746 de
1197 3688 1248 3745 Or.
1264 3686 1280 3740 Ι.

238 3774 269 3838 3,
289 3773 329 3826 10.
350 3803 380 3813 -
410 3773 452 3827 ad
470 3775 620 3842 ommium]
639 3775 681 3828 ad
699 3775 867 3830 ornandum
883 3774 979 3830 bamb.
997 3791 1080 3846 marg.
1099 3776 1143 3829 ed.
1162 3775 1242 3829 1584.
1254 3801 1280 3812 -

242 3857 435 3913 Themistocli
446 3864 541 3931 paria
560 3869 588 3916 ei
603 3861 774 3930 Coriolano]
793 3862 833 3914 sic
849 3859 900 3932 Lg.
913 3860 956 3914 20.
969 3859 1011 3915 53.
1025 3860 1066 3914 58.
1079 3859 1122 3915 38.
1135 3860 1195 3925 70.;
1216 3858 1279 3913 ducit

237 3945 351 4010 eodem,
370 3943 442 4012 quod
459 3948 491 3998 ire
507 3945 585 4000 abest
603 3964 620 3999 a
633 3948 731 4000 ceteris
748 3946 855 4000 collatis
869 3946 1005 4010 omnihus,
1025 3947 1107 3999 etiam
1124 3945 1174 4000 Gn.
1189 3945 1216 4000 l.
1242 3943 1281 3996 Sic

235 4029 396 4100 imparilitas
408 4031 537 4102 vulgatae
550 4031 702 4101 scripturae
720 4035 751 4085 in
767 4029 962 4084 Themistocle
976 4035 1067 4103 paria
1080 4037 1110 4084 ei
1123 4028 1279 4085 Coriolano

235 4114 354 4180 vitatur,
371 4116 447 4170 cuius
461 4117 503 4170 rei
521 4133 604 4170 caursa
620 4118 652 4169 itt
668 4115 828 4171 Coriolano
844 4116 953 4186 scripsit
969 4115 1065 4170 Lamb.
1078 4143 1115 4160 »-
1131 4110 1281 4189 pateram]

236 4197 282 4252 hic
300 4198 478 4256 inferciuntur
494 4199 564 4256 haec
581 4201 610 4256 in
628 4199 677 4258 Cu.
697 4199 736 4256 l.=
757 4209 812 4274 'per
828 4218 877 4258 ore
893 4200 1010 4268 licebit,
1035 4208 1070 4258 ut
1086 4206 1179 4260 etium
1199 4200 1281 4257 dicar
