2690 4780
235 421 316 492 m
395 413 544 486 BREVIS
565 411 864 498 ELOQUENTldll
885 411 988 482 ROM.
1011 413 1121 484 lllsv.

234 577 325 654 claris
347 587 514 653 oratoribus
532 587 642 650 Crasso
665 595 694 652 et
709 589 836 654 Antonio
858 588 907 650 eui
929 588 1014 669 operi
1034 595 1121 650 uatus
1143 595 1171 650 et
1192 607 1212 650 a
1232 607 1289 650 na-

234 699 303 754 tura
323 691 418 754 lactus
432 697 511 752 esset
524 689 679 752 intellexit.
713 690 747 752 ld
763 691 856 769 igitur
876 689 1001 770 primum
1017 690 1087 769 egit,
1108 697 1147 776 ut
1157 691 1288 752 omnium

235 794 341 856 artium
358 781 611 854 'accuratissimam
636 792 834 870 cognitionem
857 791 1021 853 imbiberat.
1063 791 1113 852 lus
1136 791 1224 854 civile
1248 790 1288 852 ad

235 894 273 971 Q.
298 895 430 959 Mucium
457 891 634 956 Scaevolam
661 909 804 970 augurem
832 891 971 959 deductus
1000 891 1117 966 didicit;
1147 893 1288 972 quicum

233 1002 364 1058 mortuus
381 1001 472 1069 esset,
496 993 531 1070 Q.
545 993 676 1056 Mucium
696 992 861 1074 pontificem
876 993 1033 1054 maximnm
1051 1000 1214 1054 assectatus
1233 1000 1287 1054 est.

233 1097 310 1162 lllox
336 1096 459 1159 Romam
487 1093 593 1158 delatis
619 1095 845 1176 praecipuarum
871 1094 902 1156 in
922 1093 1112 1176 philosophia
1139 1102 1287 1156 sectarum

232 1198 414 1279 principibus
450 1195 586 1259 Phaedro
617 1196 764 1276 Epicureo
796 1194 924 1258 Diodoto
960 1195 1061 1258 Stoico
1101 1202 1131 1256 et
1161 1196 1287 1258 Philone
1336 1237 1337 1268 2

233 1297 410 1362 Academico
443 1295 564 1360 ducibus
599 1297 726 1358 omnium
756 1296 1014 1378 philosophorum,
1047 1295 1099 1377 qui
1125 1297 1157 1357 in
1183 1297 1286 1378 aliquo

233 1413 355 1460 numero
376 1405 488 1473 esseut,
510 1397 622 1478 placita
642 1397 743 1460 didicit
760 1405 789 1460 et
811 1397 918 1460 auditis
941 1398 1029 1459 etiam
1051 1403 1119 1479 post
1137 1399 1286 1460 Antiocho

235 1498 378 1579 Cratippo
409 1498 478 1560 aliis
514 1515 551 1560 ea
579 1497 677 1560 studia
704 1517 853 1580 nunquam
881 1499 1048 1560 intermisit:
1080 1506 1128 1574 ut,
1161 1516 1227 1560 oum
1253 1517 1286 1561 re

233 1598 355 1681 publiea
382 1618 402 1661 a
423 1597 553 1662 Caesare
580 1601 726 1662 exstincta
753 1600 839 1662 lihris
861 1599 1023 1662 scribendis
1046 1600 1225 1663 inventutem
1248 1601 1286 1662 ad

236 1700 367 1765 Graecos
397 1700 618 1779 cognoscendos
645 1701 762 1766 illicere
791 1707 935 1782 cuperet,¹
958 1719 1023 1763 eam
1049 1701 1173 1765 senilem
1202 1721 1286 1764 suam

233 1798 476 1864 declamationem
494 1801 612 1864 diceret.
647 1801 720 1865 Cum
740 1803 833 1881 igitur
854 1802 978 1882 primam
997 1817 1116 1864 eausam
1135 1803 1286 1884 puhlioam

234 1901 306 1966 Sex.
322 1901 425 1966 Roscii
445 1901 482 1964 de
502 1903 664 1984 parricidio
686 1903 827 1984 postulati
849 1903 974 1982 egisset,
994 1910 1055 1963 taur
1077 1910 1106 1964 et
1127 1903 1237 1966 cultum
1259 1911 1287 1965 et

232 2004 387 2068 vehemens
408 2003 523 2066 dicendi
544 2022 637 2084 genus
658 2006 689 2066 iu
712 2005 809 2066 forum
830 2003 939 2066 afferre
958 2002 1129 2079 videbatur,
1148 2013 1182 2067 ut
1202 2006 1287 2068 nulla

234 2120 326 2166 eausa
363 2113 459 2181 esset,
498 2125 575 2187 quae
606 2125 666 2170 non
698 2105 790 2185 digna
822 2105 988 2186 patrocinio
1020 2105 1083 2166 eius
1115 2107 1287 2170 haberetur.

234 2205 347 2268 Tanau
372 2207 404 2268 in
427 2207 582 2271 Graeciam
599 2207 760 2288 Asiamque
787 2223 841 2288 per
863 2205 984 2288 aliquod
1011 2213 1124 2290 tempus
1146 2209 1288 2292 secedere

234 2307 398 2380 eonstituit;
427 2314 456 2368 ut
474 2309 540 2388 ipse
560 2307 643 2382 dicit,
669 2305 844 2371 valetudinis
864 2306 1024 2370 firmandae
1046 2325 1152 2381 causa,
1179 2317 1213 2372 ut
1234 2310 1288 2372 alii

232 2405 432 2481 tradiderunt,
462 2407 589 2471 vitandis
614 2405 823 2470 offensionibus
851 2411 1021 2491 potentium.
1065 2409 1126 2474 Sed
1146 2409 1207 2472 diei
1228 2429 1287 2476 non
1337 2415 1338 2470 ἶ

233 2515 331 2591 potest
356 2515 494 2588 quantem
519 2509 576 2571 hoe
597 2509 703 2572 itinere
725 2507 905 2572 contraxerit
926 2509 1078 2574 commodi.
1122 2511 1286 2576 Audieudis

235 2610 311 2672 euim
341 2609 526 2690 philosophis
555 2617 584 2672 et
615 2611 801 2688 rhetoribus,
833 2612 884 2692 qni
915 2612 972 2674 illa
1003 2619 1101 2674 aetate
1126 2613 1288 2694 plurimun

232 2709 332 2772 lamae
349 2710 513 2788 habehant,
536 2712 699 2776 exercendo
722 2712 801 2794 apud
816 2713 969 2776 Molonem
987 2709 1132 2776 Rhodium
1152 2715 1287 2794 ingenio,

234 2811 365 2875 acuendo
393 2830 492 2875 rerum
518 2815 693 2895 optimarum
719 2814 828 2876 iudicio
856 2815 993 2878 astrinxit
1019 2815 1163 2898 puerilem
1190 2815 1287 2893 illam,

234 2931 293 2995 qua
321 2914 392 2977 olim
418 2914 573 2992 alluebat,
600 2918 812 2981 vehementiam
838 2923 867 2978 et
895 2918 985 2997 quasi
1009 2916 1207 2978 luxuriantem
1230 2937 1287 2978 ua-

232 3023 328 3078 turam
356 3015 395 3078 ad
420 3017 575 3079 sanitatem
601 3019 768 3093 revocavit3
794 3025 827 3082 ut
848 3034 974 3099 corpore
995 3017 1140 3092 firmatus,
1169 3019 1286 3082 artibus

233 3124 263 3179 et
287 3117 383 3180 literis
408 3117 542 3198 plurimis
567 3119 742 3194 insuuctus,
771 3125 914 3182 maturam
939 3119 1013 3181 recti
1039 3119 1286 3182 existimationem

233 3217 370 3299 adeptus,
396 3219 530 3292 omnino,
557 3225 590 3280 ut
616 3219 681 3300 ipse
711 3218 795 3294 dicit,
820 3236 944 3300 prorsum
972 3227 1098 3282 mutatus
1118 3227 1188 3300 post
1209 3219 1286 3283 duos

232 3335 325 3380 anuos
342 3317 466 3380 Romam
486 3317 608 3382 rediret.
639 3319 701 3381 Neo
717 3327 822 3401 postea
837 3339 965 3402 uuquam
981 3339 1018 3382 ea
1033 3319 1131 3382 studia
1146 3321 1286 3384 recolere

232 3425 261 3480 et
284 3416 606 3500 ampliieareomisit,
636 3419 746 3482 sedin
773 3423 890 3484 summis
917 3423 1006 3485 rebus
1032 3429 1166 3486 versatus
1194 3430 1225 3484 et
1254 3424 1286 3484 iu

230 3519 296 3600 ipso
318 3519 462 3582 honorum
482 3519 632 3584 luuedoue
653 3521 805 3586 doctorum
825 3523 972 3586 hominum
988 3541 1043 3584 usu
1060 3521 1188 3602 legendo
1208 3525 1286 3586 sori-

230 3619 327 3681 bendo
358 3619 550 3684 declamando
583 3622 714 3688 doeeudo
741 3625 800 3688 vim
828 3631 857 3686 et
878 3624 994 3704 cupiam
1015 3622 1173 3704 eloquendi
1200 3625 1286 3687 suxit

231 3726 260 3782 et
287 3718 421 3784 firmavit.
472 3722 519 3784 Ad
546 3741 633 3804 quam
658 3725 771 3805 ingenii
797 3725 1010 3806 praestantiam
1036 3741 1100 3788 eum
1128 3723 1286 3787 accederet

229 3820 356 3901 iusignia
371 3821 526 3902 integritas
544 3833 572 3888 et
587 3827 755 3890 innocentia
774 3843 902 3902 morum,
925 3823 1034 3889 summo
1055 3825 1160 3907 populi
1174 3825 1286 3906 plausu

231 3939 330 3986 omnes
358 3923 486 3988 honores
516 3928 577 3991 auis
608 3928 692 3990 anuis
719 3927 843 4009 adeptus
873 3933 984 4003 estet,
1014 3945 1079 3990 cum
1099 3944 1155 3989 neo
1177 3928 1284 4010 opibus

228 4024 356 4104 polleret
376 4043 430 4089 uec
451 4027 605 4090 nobilitate
621 4036 788 4110 praestaret
803 4047 858 4091 uec
874 4046 972 4090 rerum
986 4029 1067 4093 bello
1085 4027 1285 4108 gerendarum

230 4126 345 4206 copiam
372 4135 423 4188 aut
444 4129 639 4207 quaesivisset
659 4137 710 4192 aut
731 4130 862 4193 ablatam
881 4131 1061 4214 accepisset,
1088 4147 1144 4214 per
1166 4129 1285 4212 aliquot

230 4227 388 4298 amorrei
409 4227 547 4309 publicae
568 4230 706 4315 prinecps
729 4232 847 4298 halitus
870 4237 925 4295 est.
