2660 4776
253 444 343 520 lud
644 438 916 514 CICERONIS.

256 617 393 693 intueor,
420 627 562 680 maxume
584 613 660 681 mihi
682 626 861 694 occurrunt,
888 614 1005 692 Attice,
1033 622 1064 680 et
1088 613 1180 700 qnasi
1200 611 1298 680 lucent

257 731 401 799 Athenae
423 741 514 811 tuae,
537 753 599 819 que
620 735 659 799 in'
674 733 751 800 urbe
772 736 904 822 primum
926 751 962 798 sc
984 741 1092 798 orator
1112 731 1222 798 extulit
1241 733 1298 818 pri-

256 871 398 937 mumque
432 853 527 918 etiam
558 855 764 918 monumentis
792 861 823 918 et
853 850 955 917 literis
988 851 1089 916 oratio
1117 859 1167 916 est
1194 859 1298 936 coepta

256 970 410 1036 mandari.
453 967 506 1034 27.
528 967 651 1036 Tamen
673 980 744 1036 ante
765 968 935 1047 Periclem,
958 970 1046 1035 cuius
1068 969 1188 1055 scripta
1209 987 1298 1054 quae-

257 1088 329 1154 dam
351 1088 503 1165 seruntur,
526 1097 557 1153 et
578 1081 809 1173 Thucydidem,
832 1090 885 1174 qui
906 1101 970 1153 non
989 1085 1193 1152 nascentibus
1205 1083 1297 1151 Athe-

254 1204 320 1284 nis',
348 1205 406 1272 scd
427 1207 491 1270 iam
514 1203 628 1272 adultis
650 1207 789 1282 fuerunt,
817 1204 912 1270 litera
929 1203 1018 1270 nulla
1039 1214 1102 1281 est,
1131 1222 1213 1290 quac
1237 1204 1297 1288 qui-

257 1323 328 1390 dem
361 1332 503 1389 ornatum
525 1321 662 1408 aliquem
683 1322 799 1389 habeat
831 1333 861 1388 ct
888 1323 1023 1389 oratoris
1051 1341 1123 1388 esse
1150 1320 1295 1388 videatur.

257 1441 443 1526 Quanquam
471 1441 575 1526 opinio
598 1450 647 1506 cst
668 1451 699 1507 ct
720 1461 805 1520 eum,
834 1441 887 1528 qni
908 1438 1013 1506 multis
1036 1441 1128 1505 annis
1150 1448 1223 1505 ante
1244 1437 1296 1504 hos

256 1559 363 1637 luerit,
383 1556 580 1624 Pisistratum
602 1568 633 1624 et
652 1558 748 1646 paulo
770 1560 927 1625 seniorem
941 1561 1035 1624 etiam
1051 1553 1200 1624 Solonem
1216 1565 1297 1643 post-

257 1693 358 1762 eaque
386 1673 577 1742 Clisthenem
605 1676 747 1756 multum,
776 1687 809 1743 ut
837 1675 1028 1764 temporibus
1054 1675 1135 1754 illis,
1159 1673 1296 1740 ualuisse

256 1793 400 1861 dicendo.
448 1793 501 1861 28.
527 1791 603 1861 Post
634 1793 716 1862 hanc
753 1804 888 1862 aetatem
920 1793 1039 1880 aliquot
1065 1795 1175 1872 annis,
1206 1803 1239 1858 ut
1263 1811 1296 1858 en

255 1911 369 1979 Atticis
406 1913 612 1978 monumentis
649 1923 751 2000 potest
768 1914 935 2002 perspici,
973 1909 1206 1978 Themistocles
1237 1911 1294 1986 luit,

256 2049 346 2117 quem
373 2038 497 2096 constat
518 2050 587 2096 cum
607 2031 784 2119 prudentia,
810 2042 873 2098 tum
895 2032 989 2097 etiam
1011 2029 1194 2116 eloquentia
1212 2049 1295 2118 prae-

255 2149 388 2215 stitisse:
411 2158 482 2236 post
496 2147 655 2230 Pericles,
678 2151 745 2238 qui,
769 2171 838 2217 cum
853 2148 978 2217 floreret
1000 2149 1084 2215 omni
1101 2167 1220 2233 genere
1240 2149 1294 2214 vir-

254 2268 344 2344 tutis,
374 2264 435 2331 hac
454 2275 560 2340 tamen
581 2267 639 2334 fuit
658 2268 753 2334 laude
776 2267 992 2334 clarissumus.
1035 2263 1189 2333 Cleonem
1210 2268 1294 2331 etiam
1319 2281 1321 2374 p

254 2381 446 2470 temporibus
478 2383 544 2449 illis
575 2384 783 2452 turbulentum
813 2387 902 2453 illum
935 2385 1059 2472 quidem
1092 2385 1215 2463 civem,
1247 2381 1294 2448 sed

255 2507 360 2566 tamen
382 2499 577 2586 eloquentem
599 2513 722 2571 constat
742 2504 852 2572 fnisse.
894 2503 947 2570 29.
968 2501 1049 2570 Huic
1071 2504 1169 2569 aetati
1191 2519 1294 2589 suppa-

319 2682 354 2726 29.
383 2682 519 2742 Thucydidi]
534 2685 676 2740 Thucydidis.

255 2819 292 2874 od
309 2821 384 2875 cives
403 2820 508 2876 incolas
525 2821 634 2878 transiri
651 2824 717 2879 satis
737 2823 863 2880 usitatum
882 2825 921 2894 (v.
938 2822 1086 2896 Explicatt
1104 2823 1142 2878 ed
1158 2823 1195 2879 de
1212 2820 1260 2880 Οι,
1276 2820 1292 2874 l.

255 2904 304 2972 19,
320 2903 382 2973 85),
400 2905 451 2960 sed
467 2907 541 2978 quod
559 2907 595 2961 od
613 2909 729 2964 candem
744 2905 889 2964 Graeciam
905 2927 996 2964 sermo
1013 2907 1104 2966 stetim
1120 2908 1194 2964 redit
1210 2907 1292 2965 verbis

255 2993 288 3045 dre
305 3007 396 3062 quum
413 3007 478 3045 cum
496 2995 620 3048 tntrccor
1315 3053 1316 3058 χ

323 3075 366 3131 27.
399 3075 506 3148 paulo]
525 3078 564 3131 sic
581 3077 660 3132 codd
679 3095 782 3135 omnes.
1314 3061 1316 3172 l

322 3159 519 3229 esserum]
544 3179 639 3217 omnes
661 3162 726 3218 libri
748 3172 776 3218 ct
798 3164 840 3221 ed.
862 3179 903 3234 pr.
922 3159 1031 3226 Atticis
1060 3107 1162 3216 dudum
1183 3157 1291 3216 correxit

253 3243 452 3301 Lambinus-
416 3245 674 3330 -οἱαιίιιιιιιιιιι]
689 3249 728 3303 sic
738 3247 824 3320 nge
842 3247 949 3305 Venl.
968 3249 1162 3320 dtpntestmus
1174 3247 1290 3302 (15.1-

254 3329 338 3386 illum
355 3319 515 3400 quideml'
507 3347 562 3386 rnv.
580 3331 692 3434 1320

323 3414 366 3470 29.
407 3413 815 3491 huucpdtdq·s1chg.8.³5
833 3417 876 3473 39.
896 3418 939 3473 51.
953 3416 996 3472 59
1015 3415 1057 3473 58,
1075 3415 1119 3472 68
1146 3414 1218 3472 Veh.
1237 3411 1290 3469 hl

251 3497 316 3554 Vet.
335 3498 386 3555 Gu.
403 3499 426 3555 l
446 3500 639 3573 (tucbtdidm
655 3521 682 3559 v
695 3502 841 3574 Explicatt
858 3502 894 3556 ed
911 3503 947 3556 de
963 3499 1014 3557 0r.
1031 3500 1053 3556 l.
1074 3500 1120 3568 19,
1138 3499 1234 3556 88.»-
1253 3501 1287 3552 in-

254 3583 363 3656 redept]
375 3585 476 3657 schg.
486 3587 510 3641 8.
521 3587 561 3643 51.
572 3587 614 3644 58.
632 3587 705 3643 Ven.
717 3582 784 3644 l.—
803 3587 995 3656 mamcmc]
973 3603 1012 3640 stc
1024 3585 1114 3640 eidem
1125 3583 1287 3642 ctssttob.

254 3672 488 3738 compressione]
519 3677 730 3745 composuisse
759 3672 877 3745 1358.
922 3666 1181 3745 comprehensione
1211 3670 1287 3740 placet

252 3747 454 3826 Bernhardyo,
477 3765 616 3826 receptum
638 3758 800 3830 scripturam
824 3759 957 3812 novitiam
980 3765 1058 3822 rato;
1085 3773 1164 3810 suem
1184 3754 1298 3826 explicat

253 3831 369 3889 ametro
387 3853 487 3892 renem
504 3845 534 3892 et
547 3843 704 3914 complecto
719 3843 899 3916 ιιιαῃιιίιῖιι,
918 3843 993 3913 quod
1010 3858 1065 3895 non
1084 3841 1221 3912 intelligo:
1237 3849 1286 3890 nom

253 3913 546 3993 comprehensionem
563 3924 720 3983 uerborum
736 3929 871 4003 περίοδον
895 3945 956 3981 csse
974 3927 1046 3992 scio,
1068 3942 1173 3981 rerum
1194 3924 1285 3995 ignoro.

251 4002 384 4086 Pressas
401 4009 566 4064 adiectivum
583 4021 684 4067 norunt
699 4030 809 4078 omnes3
835 4012 886 4067 sed
897 4015 1018 4085 pressio
1037 4009 1137 4064 eodem
1152 4009 1181 4062 vi
1200 4008 1285 4061 dictum

251 4105 309 4146 non
327 4101 369 4146 est
382 4111 471 4164 eoque
489 4095 525 4150 de
543 4112 627 4152 ceusu
644 4101 826 4172 compressio
843 4098 984 4154 lnvcntum
1001 4094 1184 4162 solomone,
1201 4097 1230 4145 ul
1245 4095 1286 4141 ire·

252 4173 310 4230 lats
326 4177 502 4248 significaret
580 4191 583 4196 '

253 4261 255 4284 ³
320 4259 395 4318 Vlll.
428 4261 471 4320 90.
506 4265 639 4338 quodem
664 4267 766 4341 modo]
793 4265 901 4326 divisim
923 4265 975 4340 ng.
998 4265 1041 4328 95.
1066 4264 1112 4326 53.
1135 4260 1178 4322 58·
1200 4258 1284 4317 ⁷⁰⁸·
