<?xml version="1.0" encoding="UTF-8"?>
<!DOCTYPE html PUBLIC "-//W3C//DTD XHTML 1.0 Transitional//EN"
    "http://www.w3.org/TR/xhtml1/DTD/xhtml1-transitional.dtd">
<html xmlns="http://www.w3.org/1999/xhtml" xml:lang="en" lang="en">
 <head>
  <title>
</title>
<meta http-equiv="Content-Type" content="text/html;charset=utf-8" />
  <meta name='ocr-system' content='tesseract 3.04.00' />
  <meta name='ocr-capabilities' content='ocr_page ocr_carea ocr_par ocr_line ocrx_word'/>
</head>
<body>
  <div class='ocr_page' id='page_1' title='image "./brutussivedecla00cicegoog/brutussivedecla00cicegoog_0080.png"; bbox 0 0 2676 4774; ppageno 0'>
   <div class='ocr_carea' id='block_1_1' title="bbox 242 399 1130 484">
    <p class='ocr_par' dir='ltr' id='par_1_1' title="bbox 242 399 1130 484">
     <span class='ocr_line' id='line_1_1' title="bbox 242 399 1130 484; baseline -0.009 -6"><span class='ocrx_word' id='word_1_1' title='bbox 242 405 306 478; x_wconf 73' lang='grc' dir='ltr'><strong>Μ</strong></span> <span class='ocrx_word' id='word_1_2' title='bbox 406 401 554 472; x_wconf 74' lang='lat' dir='ltr'><strong>neotus</strong></span> <span class='ocrx_word' id='word_1_3' title='bbox 576 399 874 484; x_wconf 81' lang='lat' dir='ltr'><strong>ELOQUENTIAE</strong></span> <span class='ocrx_word' id='word_1_4' title='bbox 896 399 999 470; x_wconf 87' lang='lat' dir='ltr'><strong>ROM.</strong></span> <span class='ocrx_word' id='word_1_5' title='bbox 1020 401 1130 470; x_wconf 77' lang='lat' dir='ltr'><strong>fflsr.</strong></span> 
     </span>
    </p>
   </div>
   <div class='ocr_carea' id='block_1_2' title="bbox 157 570 1332 3074">
    <p class='ocr_par' dir='ltr' id='par_1_2' title="bbox 157 570 1332 3074">
     <span class='ocr_line' id='line_1_2' title="bbox 243 570 1291 660; baseline -0.001 -21"><span class='ocrx_word' id='word_1_6' title='bbox 243 583 493 640; x_wconf 81' lang='lat' dir='ltr'><strong>commemoratur.</strong></span> <span class='ocrx_word' id='word_1_7' title='bbox 547 577 708 660; x_wconf 83' lang='lat' dir='ltr'><strong>Utrumque</strong></span> <span class='ocrx_word' id='word_1_8' title='bbox 735 575 859 656; x_wconf 82' lang='lat' dir='ltr'>Pighius</span> <span class='ocrx_word' id='word_1_9' title='bbox 882 570 935 654; x_wconf 75' lang='lat'>(⁴⁶)</span> <span class='ocrx_word' id='word_1_10' title='bbox 969 593 1028 638; x_wconf 93' lang='lat' dir='ltr'><strong>ncn</strong></span> <span class='ocrx_word' id='word_1_11' title='bbox 1055 576 1291 657; x_wconf 78' lang='lat' dir='ltr'><strong>improbabiliter</strong></span> 
     </span>
     <span class='ocr_line' id='line_1_3' title="bbox 244 675 1291 758; baseline -0.001 -19"><span class='ocrx_word' id='word_1_12' title='bbox 244 677 389 739; x_wconf 86' lang='lat' dir='ltr'><strong>existimat</strong></span> <span class='ocrx_word' id='word_1_13' title='bbox 412 675 445 739; x_wconf 88' lang='lat' dir='ltr'><strong>G.</strong></span> <span class='ocrx_word' id='word_1_14' title='bbox 468 677 599 740; x_wconf 87' lang='lat' dir='ltr'><strong>Memmii</strong></span> <span class='ocrx_word' id='word_1_15' title='bbox 623 678 702 742; x_wconf 89' lang='lat' dir='ltr'><strong>Calli</strong></span> <span class='ocrx_word' id='word_1_16' title='bbox 722 677 813 738; x_wconf 91' lang='lat' dir='ltr'><strong>lilium</strong></span> <span class='ocrx_word' id='word_1_17' title='bbox 834 676 943 751; x_wconf 85' lang='lat' dir='ltr'><strong>luisse,</strong></span> <span class='ocrx_word' id='word_1_18' title='bbox 968 677 1017 758; x_wconf 86' lang='lat' dir='ltr'><strong>qui</strong></span> <span class='ocrx_word' id='word_1_19' title='bbox 1039 676 1172 740; x_wconf 89' lang='lat' dir='ltr'><strong>tribunus</strong></span> <span class='ocrx_word' id='word_1_20' title='bbox 1195 677 1291 758; x_wconf 91' lang='lat' dir='ltr'><strong>plebis</strong></span> 
     </span>
     <span class='ocr_line' id='line_1_4' title="bbox 240 777 1291 858; baseline -0.003 -17"><span class='ocrx_word' id='word_1_21' title='bbox 240 777 339 858; x_wconf 79' lang='lat' dir='ltr'><strong>legem</strong></span> <span class='ocrx_word' id='word_1_22' title='bbox 357 777 394 840; x_wconf 81' lang='lat' dir='ltr'><strong>ele</strong></span> <span class='ocrx_word' id='word_1_23' title='bbox 410 777 471 838; x_wconf 87' lang='lat' dir='ltr'><strong>reis</strong></span> <span class='ocrx_word' id='word_1_24' title='bbox 488 777 555 840; x_wconf 90' lang='lat' dir='ltr'><strong>tulit</strong></span> <span class='ocrx_word' id='word_1_25' title='bbox 572 777 604 841; x_wconf 91' lang='lat' dir='ltr'><strong>C.</strong></span> <span class='ocrx_word' id='word_1_26' title='bbox 615 779 722 842; x_wconf 85' lang='lat' dir='ltr'><strong>Laelio</strong></span> <span class='ocrx_word' id='word_1_27' title='bbox 739 777 775 855; x_wconf 84' lang='lat' dir='ltr'><strong>Q.</strong></span> <span class='ocrx_word' id='word_1_28' title='bbox 793 777 943 858; x_wconf 79' lang='lat' dir='ltr'><strong>Caepione</strong></span> <span class='ocrx_word' id='word_1_29' title='bbox 962 777 1141 840; x_wconf 88' lang='lat' dir='ltr'><strong>consulibus.</strong></span> <span class='ocrx_word' id='word_1_30' title='bbox 1181 778 1291 841; x_wconf 87' lang='lat' dir='ltr'><strong>Noster</strong></span> 
     </span>
     <span class='ocr_line' id='line_1_5' title="bbox 242 877 1289 958; baseline 0 -18"><span class='ocrx_word' id='word_1_31' title='bbox 242 879 295 941; x_wconf 89' lang='lat' dir='ltr'><strong>ille</strong></span> <span class='ocrx_word' id='word_1_32' title='bbox 323 877 356 940; x_wconf 94' lang='lat' dir='ltr'><strong>C.</strong></span> <span class='ocrx_word' id='word_1_33' title='bbox 377 879 533 941; x_wconf 90' lang='lat' dir='ltr'><strong>Memmius</strong></span> <span class='ocrx_word' id='word_1_34' title='bbox 558 879 591 942; x_wconf 92' lang='lat' dir='ltr'><strong>C.</strong></span> <span class='ocrx_word' id='word_1_35' title='bbox 612 880 646 942; x_wconf 88' lang='lat' dir='ltr'><strong>F.</strong></span> <span class='ocrx_word' id='word_1_36' title='bbox 677 879 809 942; x_wconf 89' lang='lat' dir='ltr'><strong>tribunus</strong></span> <span class='ocrx_word' id='word_1_37' title='bbox 837 877 894 940; x_wconf 84' lang='lat' dir='ltr'><strong>fuit</strong></span> <span class='ocrx_word' id='word_1_38' title='bbox 920 896 948 940; x_wconf 90' lang='lat' dir='ltr'><strong>a.</strong></span> <span class='ocrx_word' id='word_1_39' title='bbox 974 879 1051 953; x_wconf 83' lang='grc'><strong>643,</strong></span> <span class='ocrx_word' id='word_1_40' title='bbox 1082 878 1114 939; x_wconf 94' lang='lat' dir='ltr'><strong>iu</strong></span> <span class='ocrx_word' id='word_1_41' title='bbox 1139 895 1199 958; x_wconf 89' lang='lat' dir='ltr'><strong>quo</strong></span> <span class='ocrx_word' id='word_1_42' title='bbox 1227 897 1289 940; x_wconf 89' lang='lat' dir='ltr'><strong>ma-</strong></span> 
     </span>
     <span class='ocr_line' id='line_1_6' title="bbox 242 979 1290 1062; baseline -0.002 -20"><span class='ocrx_word' id='word_1_43' title='bbox 242 981 369 1060; x_wconf 78' lang='lat' dir='ltr'><strong>gistratu</strong></span> <span class='ocrx_word' id='word_1_44' title='bbox 390 979 544 1060; x_wconf 83' lang='lat' dir='ltr'><strong>optimates</strong></span> <span class='ocrx_word' id='word_1_45' title='bbox 563 979 724 1060; x_wconf 81' lang='lat' dir='ltr'><strong>Iugurthae</strong></span> <span class='ocrx_word' id='word_1_46' title='bbox 744 987 887 1062; x_wconf 87' lang='lat' dir='ltr'><strong>patronos</strong></span> <span class='ocrx_word' id='word_1_47' title='bbox 909 985 1027 1040; x_wconf 88' lang='lat' dir='ltr'><strong>strenue</strong></span> <span class='ocrx_word' id='word_1_48' title='bbox 1045 995 1116 1039; x_wconf 88' lang='lat' dir='ltr'><strong>sane</strong></span> <span class='ocrx_word' id='word_1_49' title='bbox 1134 996 1290 1059; x_wconf 82' lang='lat' dir='ltr'><strong>oppugna-</strong></span> 
     </span>
     <span class='ocr_line' id='line_1_7' title="bbox 240 1079 1291 1160; baseline -0.005 -16"><span class='ocrx_word' id='word_1_50' title='bbox 240 1081 292 1145; x_wconf 80' lang='lat' dir='ltr'><strong>uit.</strong></span> <span class='ocrx_word' id='word_1_51' title='bbox 336 1079 483 1145; x_wconf 89' lang='lat' dir='ltr'><strong>Praetura</strong></span> <span class='ocrx_word' id='word_1_52' title='bbox 508 1080 624 1143; x_wconf 82' lang='lat' dir='ltr'><strong>iunctus</strong></span> <span class='ocrx_word' id='word_1_53' title='bbox 649 1083 730 1144; x_wconf 92' lang='lat' dir='ltr'><strong>circa</strong></span> <span class='ocrx_word' id='word_1_54' title='bbox 757 1098 862 1143; x_wconf 89' lang='lat' dir='ltr'><strong>annum</strong></span> <span class='ocrx_word' id='word_1_55' title='bbox 884 1079 948 1142; x_wconf 79' lang='lat'><strong>650</strong></span> <span class='ocrx_word' id='word_1_56' title='bbox 972 1079 1066 1142; x_wconf 85' lang='lat' dir='ltr'><strong>uideri</strong></span> <span class='ocrx_word' id='word_1_57' title='bbox 1087 1087 1199 1160; x_wconf 90' lang='lat' dir='ltr'><strong>potest,</strong></span> <span class='ocrx_word' id='word_1_58' title='bbox 1228 1097 1291 1140; x_wconf 91' lang='lat' dir='ltr'><strong>uum</strong></span> 
     </span>
     <span class='ocr_line' id='line_1_8' title="bbox 242 1175 1291 1264; baseline -0.004 -20"><span class='ocrx_word' id='word_1_59' title='bbox 242 1199 280 1244; x_wconf 87' lang='lat' dir='ltr'><strong>cx</strong></span> <span class='ocrx_word' id='word_1_60' title='bbox 311 1181 467 1262; x_wconf 85' lang='lat' dir='ltr'><strong>prouincia</strong></span> <span class='ocrx_word' id='word_1_61' title='bbox 496 1199 615 1244; x_wconf 91' lang='lat' dir='ltr'><strong>causam</strong></span> <span class='ocrx_word' id='word_1_62' title='bbox 641 1181 869 1264; x_wconf 85' lang='lat' dir='ltr'><strong>repetundarum</strong></span> <span class='ocrx_word' id='word_1_63' title='bbox 901 1179 1008 1241; x_wconf 85' lang='lat' dir='ltr'><strong>dixerit</strong></span> <span class='ocrx_word' id='word_1_64' title='bbox 1025 1175 1078 1258; x_wconf 81' lang='lat'>(⁴⁷)</span> <span class='ocrx_word' id='word_1_65' title='bbox 1108 1187 1136 1241; x_wconf 90' lang='lat' dir='ltr'><strong>et</strong></span> <span class='ocrx_word' id='word_1_66' title='bbox 1168 1199 1196 1241; x_wconf 89' lang='lat' dir='ltr'><strong>a.</strong></span> <span class='ocrx_word' id='word_1_67' title='bbox 1228 1180 1291 1242; x_wconf 77' lang='lat'><strong>654</strong></span> 
     </span>
     <span class='ocr_line' id='line_1_9' title="bbox 243 1279 1291 1362; baseline -0.001 -17"><span class='ocrx_word' id='word_1_68' title='bbox 243 1280 277 1345; x_wconf 91' lang='lat' dir='ltr'><strong>C.</strong></span> <span class='ocrx_word' id='word_1_69' title='bbox 301 1281 401 1344; x_wconf 90' lang='lat' dir='ltr'><strong>Mario</strong></span> <span class='ocrx_word' id='word_1_70' title='bbox 422 1281 459 1346; x_wconf 89' lang='lat' dir='ltr'><strong>L.</strong></span> <span class='ocrx_word' id='word_1_71' title='bbox 481 1281 590 1345; x_wconf 87' lang='lat' dir='ltr'><strong>Flacco</strong></span> <span class='ocrx_word' id='word_1_72' title='bbox 618 1283 787 1346; x_wconf 86' lang='lat' dir='ltr'><strong>consulibus</strong></span> <span class='ocrx_word' id='word_1_73' title='bbox 814 1281 997 1344; x_wconf 88' lang='lat' dir='ltr'><strong>consulatum</strong></span> <span class='ocrx_word' id='word_1_74' title='bbox 1024 1287 1141 1362; x_wconf 90' lang='lat' dir='ltr'><strong>petens,</strong></span> <span class='ocrx_word' id='word_1_75' title='bbox 1170 1297 1236 1342; x_wconf 88' lang='lat' dir='ltr'><strong>cum</strong></span> <span class='ocrx_word' id='word_1_76' title='bbox 1260 1279 1291 1344; x_wconf 90' lang='lat' dir='ltr'><strong>C.</strong></span> 
     </span>
     <span class='ocr_line' id='line_1_10' title="bbox 243 1381 1291 1466; baseline -0.006 -18"><span class='ocrx_word' id='word_1_77' title='bbox 243 1381 404 1448; x_wconf 85' lang='lat' dir='ltr'><strong>Seruilium</strong></span> <span class='ocrx_word' id='word_1_78' title='bbox 426 1381 578 1446; x_wconf 83' lang='lat' dir='ltr'><strong>Glauciam</strong></span> <span class='ocrx_word' id='word_1_79' title='bbox 605 1385 823 1466; x_wconf 80' lang='lat' dir='ltr'><strong>competitorem</strong></span> <span class='ocrx_word' id='word_1_80' title='bbox 848 1382 987 1456; x_wconf 86' lang='lat' dir='ltr'><strong>haberet,</strong></span> <span class='ocrx_word' id='word_1_81' title='bbox 1018 1381 1103 1444; x_wconf 85' lang='lat' dir='ltr'><strong>huius</strong></span> <span class='ocrx_word' id='word_1_82' title='bbox 1125 1388 1155 1442; x_wconf 91' lang='lat' dir='ltr'><strong>et</strong></span> <span class='ocrx_word' id='word_1_83' title='bbox 1174 1382 1211 1444; x_wconf 90' lang='lat' dir='ltr'><strong>L.</strong></span> <span class='ocrx_word' id='word_1_84' title='bbox 1234 1381 1291 1444; x_wconf 87' lang='lat' dir='ltr'><strong>Sa-</strong></span> 
     </span>
     <span class='ocr_line' id='line_1_11' title="bbox 242 1480 1292 1566; baseline -0.004 -19"><span class='ocrx_word' id='word_1_85' title='bbox 242 1483 353 1547; x_wconf 89' lang='lat' dir='ltr'><strong>turnini</strong></span> <span class='ocrx_word' id='word_1_86' title='bbox 379 1501 473 1566; x_wconf 92' lang='lat' dir='ltr'><strong>opera</strong></span> <span class='ocrx_word' id='word_1_87' title='bbox 497 1485 535 1546; x_wconf 91' lang='lat' dir='ltr'><strong>sit</strong></span> <span class='ocrx_word' id='word_1_88' title='bbox 560 1486 674 1547; x_wconf 90' lang='lat' dir='ltr'><strong>occisus</strong></span> <span class='ocrx_word' id='word_1_89' title='bbox 692 1480 754 1564; x_wconf 81' lang='lat'>(⁴⁸).</span> <span class='ocrx_word' id='word_1_90' title='bbox 799 1483 911 1546; x_wconf 90' lang='lat' dir='ltr'><strong>Multos</strong></span> <span class='ocrx_word' id='word_1_91' title='bbox 936 1499 1106 1558; x_wconf 88' lang='lat' dir='ltr'><strong>accusasse,</strong></span> <span class='ocrx_word' id='word_1_92' title='bbox 1133 1490 1165 1544; x_wconf 90' lang='lat' dir='ltr'><strong>ut</strong></span> <span class='ocrx_word' id='word_1_93' title='bbox 1188 1482 1292 1556; x_wconf 85' lang='lat' dir='ltr'><strong>irater,</strong></span> 
     </span>
     <span class='ocr_line' id='line_1_12' title="bbox 245 1579 1293 1666; baseline -0.002 -20"><span class='ocrx_word' id='word_1_94' title='bbox 245 1603 265 1646; x_wconf 88' lang='lat' dir='ltr'><strong>a</strong></span> <span class='ocrx_word' id='word_1_95' title='bbox 286 1583 429 1647; x_wconf 87' lang='lat' dir='ltr'><strong>Cicerone</strong></span> <span class='ocrx_word' id='word_1_96' title='bbox 458 1583 564 1648; x_wconf 90' lang='lat' dir='ltr'><strong>dicitur</strong></span> <span class='ocrx_word' id='word_1_97' title='bbox 579 1583 648 1665; x_wconf 77' lang='lat'><strong>(⁴⁹);</strong></span> <span class='ocrx_word' id='word_1_98' title='bbox 675 1579 724 1666; x_wconf 74' lang='lat' dir='ltr'><strong>ipui</strong></span> <span class='ocrx_word' id='word_1_99' title='bbox 750 1592 848 1648; x_wconf 92' lang='lat' dir='ltr'><strong>tamen</strong></span> <span class='ocrx_word' id='word_1_100' title='bbox 873 1583 983 1646; x_wconf 86' lang='lat' dir='ltr'><strong>fuerint</strong></span> <span class='ocrx_word' id='word_1_101' title='bbox 1010 1601 1084 1664; x_wconf 88' lang='lat' dir='ltr'><strong>quos</strong></span> <span class='ocrx_word' id='word_1_102' title='bbox 1104 1600 1173 1646; x_wconf 89' lang='lat' dir='ltr'><strong>reos</strong></span> <span class='ocrx_word' id='word_1_103' title='bbox 1196 1584 1293 1662; x_wconf 79' lang='lat' dir='ltr'><strong>egerit</strong></span> 
     </span>
     <span class='ocr_line' id='line_1_13' title="bbox 244 1683 1292 1768; baseline -0.004 -20"><span class='ocrx_word' id='word_1_104' title='bbox 244 1693 365 1768; x_wconf 88' lang='lat' dir='ltr'><strong>praeter</strong></span> <span class='ocrx_word' id='word_1_105' title='bbox 385 1687 420 1750; x_wconf 92' lang='lat' dir='ltr'><strong>L.</strong></span> <span class='ocrx_word' id='word_1_106' title='bbox 445 1685 635 1767; x_wconf 86' lang='lat' dir='ltr'><strong>Calpurnium</strong></span> <span class='ocrx_word' id='word_1_107' title='bbox 655 1687 785 1750; x_wconf 85' lang='lat' dir='ltr'><strong>Bestiam</strong></span> <span class='ocrx_word' id='word_1_108' title='bbox 812 1684 996 1748; x_wconf 83' lang='lat' dir='ltr'><strong>consularem</strong></span> <span class='ocrx_word' id='word_1_109' title='bbox 1016 1683 1097 1746; x_wconf 90' lang='lat' dir='ltr'><strong>bello</strong></span> <span class='ocrx_word' id='word_1_110' title='bbox 1117 1684 1292 1764; x_wconf 80' lang='lat' dir='ltr'><strong>Iugurthino</strong></span> 
     </span>
     <span class='ocr_line' id='line_1_14' title="bbox 157 1783 1290 1867; baseline -0.002 -19"><span class='ocrx_word' id='word_1_111' title='bbox 157 1791 159 1794; x_wconf 82' lang='grc'><strong>’</strong></span> <span class='ocrx_word' id='word_1_112' title='bbox 244 1786 382 1849; x_wconf 81' lang='lat' dir='ltr'><strong>infamem</strong></span> <span class='ocrx_word' id='word_1_113' title='bbox 403 1805 462 1850; x_wconf 92' lang='lat' dir='ltr'><strong>non</strong></span> <span class='ocrx_word' id='word_1_114' title='bbox 485 1795 597 1850; x_wconf 90' lang='lat' dir='ltr'><strong>constat</strong></span> <span class='ocrx_word' id='word_1_115' title='bbox 613 1783 678 1867; x_wconf 82' lang='lat'>(⁵⁰).</span> <span class='ocrx_word' id='word_1_116' title='bbox 723 1786 783 1850; x_wconf 86' lang='lat' dir='ltr'><strong>Sed</strong></span> <span class='ocrx_word' id='word_1_117' title='bbox 807 1786 945 1867; x_wconf 86' lang='lat' dir='ltr'><strong>quoniam</strong></span> <span class='ocrx_word' id='word_1_118' title='bbox 966 1786 1013 1847; x_wconf 84' lang='lat' dir='ltr'><strong>lnic</strong></span> <span class='ocrx_word' id='word_1_119' title='bbox 1036 1803 1098 1846; x_wconf 87' lang='lat' dir='ltr'><strong>cum</strong></span> <span class='ocrx_word' id='word_1_120' title='bbox 1123 1785 1159 1848; x_wconf 88' lang='lat' dir='ltr'><strong>L.</strong></span> <span class='ocrx_word' id='word_1_121' title='bbox 1173 1786 1290 1866; x_wconf 89' lang='lat' dir='ltr'><strong>Opimio</strong></span> 
     </span>
     <span class='ocr_line' id='line_1_15' title="bbox 203 1886 1294 1968; baseline 0.002 -22"><span class='ocrx_word' id='word_1_122' title='bbox 203 1937 208 1946; x_wconf 88' lang='lat'>.</span> <span class='ocrx_word' id='word_1_123' title='bbox 246 1888 299 1968; x_wconf 86' lang='lat' dir='ltr'><strong>Sp.</strong></span> <span class='ocrx_word' id='word_1_124' title='bbox 323 1895 353 1949; x_wconf 96' lang='lat' dir='ltr'><strong>et</strong></span> <span class='ocrx_word' id='word_1_125' title='bbox 372 1892 407 1951; x_wconf 85' lang='grc' dir='ltr'><strong>Α.</strong></span> <span class='ocrx_word' id='word_1_126' title='bbox 424 1887 539 1950; x_wconf 81' lang='lat' dir='ltr'><strong>Albinio</strong></span> <span class='ocrx_word' id='word_1_127' title='bbox 556 1887 588 1950; x_wconf 91' lang='lat' dir='ltr'><strong>C.</strong></span> <span class='ocrx_word' id='word_1_128' title='bbox 607 1887 719 1951; x_wconf 90' lang='lat' dir='ltr'><strong>Catone</strong></span> <span class='ocrx_word' id='word_1_129' title='bbox 738 1887 772 1951; x_wconf 91' lang='lat' dir='ltr'><strong>C.</strong></span> <span class='ocrx_word' id='word_1_130' title='bbox 791 1886 887 1950; x_wconf 85' lang='lat' dir='ltr'><strong>Cella</strong></span> <span class='ocrx_word' id='word_1_131' title='bbox 907 1887 975 1948; x_wconf 91' lang='lat' dir='ltr'><strong>aliis</strong></span> <span class='ocrx_word' id='word_1_132' title='bbox 997 1887 1027 1949; x_wconf 95' lang='lat' dir='ltr'><strong>in</strong></span> <span class='ocrx_word' id='word_1_133' title='bbox 1048 1900 1168 1948; x_wconf 88' lang='lat' dir='ltr'><strong>numero</strong></span> <span class='ocrx_word' id='word_1_134' title='bbox 1191 1904 1294 1948; x_wconf 89' lang='lat' dir='ltr'><strong>eorum</strong></span> 
     </span>
     <span class='ocr_line' id='line_1_16' title="bbox 243 1986 1294 2070; baseline -0.001 -20"><span class='ocrx_word' id='word_1_135' title='bbox 243 1987 315 2064; x_wconf 81' lang='lat' dir='ltr'><strong>luit,</strong></span> <span class='ocrx_word' id='word_1_136' title='bbox 336 1990 388 2070; x_wconf 89' lang='lat' dir='ltr'><strong>qui</strong></span> <span class='ocrx_word' id='word_1_137' title='bbox 402 1989 472 2067; x_wconf 87' lang='lat' dir='ltr'><strong>lege</strong></span> <span class='ocrx_word' id='word_1_138' title='bbox 489 1989 627 2051; x_wconf 90' lang='lat' dir='ltr'><strong>Mamilia</strong></span> <span class='ocrx_word' id='word_1_139' title='bbox 643 1988 782 2051; x_wconf 84' lang='lat' dir='ltr'><strong>iudicium</strong></span> <span class='ocrx_word' id='word_1_140' title='bbox 797 1987 963 2063; x_wconf 88' lang='lat' dir='ltr'><strong>subierunt,</strong></span> <span class='ocrx_word' id='word_1_141' title='bbox 980 2004 1067 2068; x_wconf 84' lang='lat' dir='ltr'><strong>quam</strong></span> <span class='ocrx_word' id='word_1_142' title='bbox 1081 1986 1179 2066; x_wconf 80' lang='lat' dir='ltr'><strong>legem</strong></span> <span class='ocrx_word' id='word_1_143' title='bbox 1194 1988 1294 2050; x_wconf 89' lang='lat' dir='ltr'><strong>Mem-</strong></span> 
     </span>
     <span class='ocr_line' id='line_1_17' title="bbox 244 2087 1295 2168; baseline -0.001 -16"><span class='ocrx_word' id='word_1_144' title='bbox 244 2090 319 2152; x_wconf 88' lang='lat' dir='ltr'><strong>mius</strong></span> <span class='ocrx_word' id='word_1_145' title='bbox 342 2091 405 2152; x_wconf 91' lang='lat' dir='ltr'><strong>sinc</strong></span> <span class='ocrx_word' id='word_1_146' title='bbox 429 2089 518 2152; x_wconf 87' lang='lat' dir='ltr'><strong>dubio</strong></span> <span class='ocrx_word' id='word_1_147' title='bbox 540 2092 683 2152; x_wconf 89' lang='lat' dir='ltr'><strong>acerrime</strong></span> <span class='ocrx_word' id='word_1_148' title='bbox 705 2087 930 2162; x_wconf 82' lang='lat' dir='ltr'><strong>commendauit,</strong></span> <span class='ocrx_word' id='word_1_149' title='bbox 958 2087 1077 2150; x_wconf 88' lang='lat' dir='ltr'><strong>illorum</strong></span> <span class='ocrx_word' id='word_1_150' title='bbox 1097 2089 1191 2168; x_wconf 91' lang='lat' dir='ltr'><strong>partis</strong></span> <span class='ocrx_word' id='word_1_151' title='bbox 1213 2097 1295 2151; x_wconf 89' lang='lat' dir='ltr'><strong>certe</strong></span> 
     </span>
     <span class='ocr_line' id='line_1_18' title="bbox 245 2187 1294 2257; baseline 0 -5"><span class='ocrx_word' id='word_1_152' title='bbox 245 2199 448 2252; x_wconf 85' lang='lat' dir='ltr'><strong>accusatorem</strong></span> <span class='ocrx_word' id='word_1_153' title='bbox 467 2191 614 2252; x_wconf 84' lang='lat' dir='ltr'><strong>exstitisse</strong></span> <span class='ocrx_word' id='word_1_154' title='bbox 633 2189 786 2257; x_wconf 87' lang='lat' dir='ltr'><strong>credimus.</strong></span> <span class='ocrx_word' id='word_1_155' title='bbox 819 2187 1003 2252; x_wconf 89' lang='lat' dir='ltr'><strong>Mordacitas</strong></span> <span class='ocrx_word' id='word_1_156' title='bbox 1020 2189 1144 2251; x_wconf 88' lang='lat' dir='ltr'><strong>hominis</strong></span> <span class='ocrx_word' id='word_1_157' title='bbox 1160 2207 1197 2252; x_wconf 86' lang='lat' dir='ltr'><strong>ex</strong></span> <span class='ocrx_word' id='word_1_158' title='bbox 1214 2189 1294 2252; x_wconf 88' lang='lat' dir='ltr'><strong>dieto</strong></span> 
     </span>
     <span class='ocr_line' id='line_1_19' title="bbox 244 2284 1293 2370; baseline 0 -18"><span class='ocrx_word' id='word_1_159' title='bbox 244 2291 276 2352; x_wconf 94' lang='lat' dir='ltr'><strong>in</strong></span> <span class='ocrx_word' id='word_1_160' title='bbox 298 2289 444 2353; x_wconf 89' lang='lat' dir='ltr'><strong>Scaurum</strong></span> <span class='ocrx_word' id='word_1_161' title='bbox 473 2309 493 2351; x_wconf 93' lang='lat' dir='ltr'><strong>a</strong></span> <span class='ocrx_word' id='word_1_162' title='bbox 515 2289 657 2352; x_wconf 91' lang='lat' dir='ltr'><strong>Cicerone</strong></span> <span class='ocrx_word' id='word_1_163' title='bbox 683 2295 799 2352; x_wconf 85' lang='lat' dir='ltr'><strong>seruato</strong></span> <span class='ocrx_word' id='word_1_164' title='bbox 825 2289 1004 2370; x_wconf 87' lang='lat' dir='ltr'><strong>perspicitur</strong></span> <span class='ocrx_word' id='word_1_165' title='bbox 1022 2284 1092 2370; x_wconf 83' lang='lat'><strong>(⁵¹);</strong></span> <span class='ocrx_word' id='word_1_166' title='bbox 1122 2289 1153 2352; x_wconf 87' lang='lat' dir='ltr'><strong>id</strong></span> <span class='ocrx_word' id='word_1_167' title='bbox 1176 2291 1293 2370; x_wconf 89' lang='lat' dir='ltr'><strong>quidem</strong></span> 
     </span>
     <span class='ocr_line' id='line_1_20' title="bbox 246 2389 1293 2474; baseline -0.001 -21"><span class='ocrx_word' id='word_1_168' title='bbox 246 2408 284 2453; x_wconf 82' lang='lat' dir='ltr'><strong>ex</strong></span> <span class='ocrx_word' id='word_1_169' title='bbox 316 2391 431 2452; x_wconf 89' lang='lat' dir='ltr'><strong>actione</strong></span> <span class='ocrx_word' id='word_1_170' title='bbox 463 2391 494 2451; x_wconf 91' lang='lat' dir='ltr'><strong>io</strong></span> <span class='ocrx_word' id='word_1_171' title='bbox 519 2391 648 2452; x_wconf 88' lang='lat' dir='ltr'><strong>Bestiam</strong></span> <span class='ocrx_word' id='word_1_172' title='bbox 681 2389 860 2474; x_wconf 87' lang='lat' dir='ltr'><strong>desumptum</strong></span> <span class='ocrx_word' id='word_1_173' title='bbox 888 2398 940 2452; x_wconf 90' lang='lat' dir='ltr'><strong>est.</strong></span> <span class='ocrx_word' id='word_1_174' title='bbox 989 2389 1037 2452; x_wconf 85' lang='lat' dir='ltr'><strong>Ex</strong></span> <span class='ocrx_word' id='word_1_175' title='bbox 1063 2389 1236 2454; x_wconf 83' lang='lat' dir='ltr'><strong>defensione</strong></span> <span class='ocrx_word' id='word_1_176' title='bbox 1265 2393 1293 2454; x_wconf 92' lang='lat' dir='ltr'><strong>iu</strong></span> 
     </span>
     <span class='ocr_line' id='line_1_21' title="bbox 246 2490 1291 2572; baseline 0 -20"><span class='ocrx_word' id='word_1_177' title='bbox 246 2506 339 2554; x_wconf 86' lang='lat' dir='ltr'><strong>causa</strong></span> <span class='ocrx_word' id='word_1_178' title='bbox 359 2490 587 2571; x_wconf 81' lang='lat' dir='ltr'><strong>repetundarum</strong></span> <span class='ocrx_word' id='word_1_179' title='bbox 608 2491 759 2572; x_wconf 85' lang='lat' dir='ltr'><strong>desumpta</strong></span> <span class='ocrx_word' id='word_1_180' title='bbox 778 2491 913 2555; x_wconf 83' lang='lat' dir='ltr'><strong>uidentur</strong></span> <span class='ocrx_word' id='word_1_181' title='bbox 934 2491 989 2556; x_wconf 86' lang='lat' dir='ltr'><strong>illa</strong></span> <span class='ocrx_word' id='word_1_182' title='bbox 1006 2493 1113 2567; x_wconf 82' lang='lat' dir='ltr'><strong>uerba,</strong></span> <span class='ocrx_word' id='word_1_183' title='bbox 1139 2509 1218 2572; x_wconf 83' lang='lat' dir='ltr'><strong>qnae</strong></span> <span class='ocrx_word' id='word_1_184' title='bbox 1240 2494 1291 2554; x_wconf 88' lang='lat' dir='ltr'><strong>sul</strong></span> 
     </span>
     <span class='ocr_line' id='line_1_22' title="bbox 244 2587 1291 2672; baseline 0.002 -20"><span class='ocrx_word' id='word_1_185' title='bbox 244 2591 429 2668; x_wconf 82' lang='lat' dir='ltr'><strong>ignotissimo</strong></span> <span class='ocrx_word' id='word_1_186' title='bbox 453 2591 488 2667; x_wconf 78' lang='lat' dir='ltr'><strong>Q.</strong></span> <span class='ocrx_word' id='word_1_187' title='bbox 510 2593 642 2655; x_wconf 90' lang='lat' dir='ltr'><strong>Memmii</strong></span> <span class='ocrx_word' id='word_1_188' title='bbox 662 2593 777 2655; x_wconf 90' lang='lat' dir='ltr'><strong>nomine</strong></span> <span class='ocrx_word' id='word_1_189' title='bbox 796 2593 935 2672; x_wconf 91' lang='lat' dir='ltr'><strong>apposuit</strong></span> <span class='ocrx_word' id='word_1_190' title='bbox 955 2591 1112 2656; x_wconf 88' lang='lat' dir='ltr'><strong>Suetonius</strong></span> <span class='ocrx_word' id='word_1_191' title='bbox 1127 2587 1198 2671; x_wconf 75' lang='lat'>(5²),</span> <span class='ocrx_word' id='word_1_192' title='bbox 1226 2595 1291 2654; x_wconf 90' lang='lat' dir='ltr'><strong>item</strong></span> 
     </span>
     <span class='ocr_line' id='line_1_23' title="bbox 245 2691 1291 2774; baseline 0.002 -22"><span class='ocrx_word' id='word_1_193' title='bbox 245 2706 346 2772; x_wconf 89' lang='lat' dir='ltr'><strong>pauca</strong></span> <span class='ocrx_word' id='word_1_194' title='bbox 367 2691 525 2772; x_wconf 88' lang='lat' dir='ltr'><strong>quaedam,</strong></span> <span class='ocrx_word' id='word_1_195' title='bbox 554 2711 630 2774; x_wconf 85' lang='lat' dir='ltr'><strong>quae</strong></span> <span class='ocrx_word' id='word_1_196' title='bbox 652 2693 730 2774; x_wconf 85' lang='lat' dir='ltr'><strong>apud</strong></span> <span class='ocrx_word' id='word_1_197' title='bbox 751 2693 934 2756; x_wconf 91' lang='lat' dir='ltr'><strong>Prisciauum</strong></span> <span class='ocrx_word' id='word_1_198' title='bbox 956 2701 1084 2756; x_wconf 86' lang='lat' dir='ltr'><strong>exstant:</strong></span> <span class='ocrx_word' id='word_1_199' title='bbox 1115 2701 1196 2756; x_wconf 86' lang='lat' dir='ltr'><strong>certe</strong></span> <span class='ocrx_word' id='word_1_200' title='bbox 1219 2695 1291 2756; x_wconf 90' lang='lat' dir='ltr'><strong>enirn</strong></span> 
     </span>
     <span class='ocr_line' id='line_1_24' title="bbox 247 2787 1292 2872; baseline 0.002 -19"><span class='ocrx_word' id='word_1_201' title='bbox 247 2792 397 2854; x_wconf 88' lang='lat' dir='ltr'><strong>criminum</strong></span> <span class='ocrx_word' id='word_1_202' title='bbox 418 2791 623 2856; x_wconf 83' lang='lat' dir='ltr'><strong>refutationem</strong></span> <span class='ocrx_word' id='word_1_203' title='bbox 645 2794 794 2856; x_wconf 85' lang='lat' dir='ltr'><strong>continent</strong></span> <span class='ocrx_word' id='word_1_204' title='bbox 804 2787 868 2872; x_wconf 75' lang='lat'>(⁵³).</span> <span class='ocrx_word' id='word_1_205' title='bbox 900 2793 970 2856; x_wconf 86' lang='lat' dir='ltr'><strong>Alia</strong></span> <span class='ocrx_word' id='word_1_206' title='bbox 989 2794 1022 2868; x_wconf 86' lang='lat' dir='ltr'><strong>C.</strong></span> <span class='ocrx_word' id='word_1_207' title='bbox 1040 2795 1173 2857; x_wconf 87' lang='lat' dir='ltr'><strong>Memmii</strong></span> <span class='ocrx_word' id='word_1_208' title='bbox 1189 2813 1292 2856; x_wconf 87' lang='lat' dir='ltr'><strong>nomen</strong></span> 
     </span>
     <span class='ocr_line' id='line_1_25' title="bbox 245 2893 1332 2976; baseline 0.001 -21"><span class='ocrx_word' id='word_1_209' title='bbox 245 2911 320 2976; x_wconf 86' lang='lat' dir='ltr'><strong>prae</strong></span> <span class='ocrx_word' id='word_1_210' title='bbox 341 2911 373 2955; x_wconf 92' lang='lat' dir='ltr'><strong>se</strong></span> <span class='ocrx_word' id='word_1_211' title='bbox 394 2893 521 2958; x_wconf 84' lang='lat' dir='ltr'><strong>ferentia</strong></span> <span class='ocrx_word' id='word_1_212' title='bbox 542 2895 693 2958; x_wconf 84' lang='lat' dir='ltr'><strong>Ciceronis</strong></span> <span class='ocrx_word' id='word_1_213' title='bbox 714 2894 869 2976; x_wconf 89' lang='lat' dir='ltr'><strong>aequalem</strong></span> <span class='ocrx_word' id='word_1_214' title='bbox 891 2903 1040 2958; x_wconf 86' lang='lat' dir='ltr'><strong>auctorem</strong></span> <span class='ocrx_word' id='word_1_215' title='bbox 1060 2895 1172 2960; x_wconf 89' lang='lat' dir='ltr'><strong>habere</strong></span> <span class='ocrx_word' id='word_1_216' title='bbox 1192 2895 1292 2960; x_wconf 80' lang='lat' dir='ltr'><strong>uiden-</strong></span> <span class='ocrx_word' id='word_1_217' title='bbox 1331 2909 1332 2972; x_wconf 51' lang='lat' dir='ltr'><strong>l</strong></span> 
     </span>
     <span class='ocr_line' id='line_1_26' title="bbox 245 2977 1332 3074; baseline 0.002 -16"><span class='ocrx_word' id='word_1_218' title='bbox 245 3001 308 3072; x_wconf 88' lang='lat' dir='ltr'><strong>tur,</strong></span> <span class='ocrx_word' id='word_1_219' title='bbox 330 2995 415 3060; x_wconf 86' lang='lat' dir='ltr'><strong>huius</strong></span> <span class='ocrx_word' id='word_1_220' title='bbox 437 2995 566 3060; x_wconf 84' lang='lat' dir='ltr'><strong>tortasse</strong></span> <span class='ocrx_word' id='word_1_221' title='bbox 586 2995 689 3061; x_wconf 86' lang='lat' dir='ltr'><strong>fratris</strong></span> <span class='ocrx_word' id='word_1_222' title='bbox 707 2994 823 3072; x_wconf 73' lang='lat' dir='ltr'><strong>filiium(</strong></span> <span class='ocrx_word' id='word_1_223' title='bbox 849 2998 872 3074; x_wconf 85' lang='grc'><strong>).</strong></span> <span class='ocrx_word' id='word_1_224' title='bbox 1331 2977 1332 3060; x_wconf 73' lang='lat' dir='ltr'><strong>l</strong></span> 
     </span>
    </p>
   </div>
   <div class='ocr_carea' id='block_1_3' title="bbox 721 3161 821 3243">
    <p class='ocr_par' dir='ltr' id='par_1_3' title="bbox 721 3073 1332 3408">
     <span class='ocr_line' id='line_1_27' title="bbox 721 3161 821 3243; baseline 0.011 -19"><span class='ocrx_word' id='word_1_225' title='bbox 721 3161 748 3243; x_wconf 69' lang='lat' dir='ltr'><strong>a.</strong></span> <span class='ocrx_word' id='word_1_226' title='bbox 771 3164 821 3230; x_wconf 65' lang='lat'><strong>25.</strong></span> 
     </span>
    </p>
   </div>
   <div class='ocr_carea' id='block_1_4' title="bbox 495 3275 1045 3348">
    <p class='ocr_par' dir='ltr' id='par_1_4' title="bbox 495 3275 1045 3348">
     <span class='ocr_line' id='line_1_28' title="bbox 495 3275 1045 3348; baseline -0.004 -14"><span class='ocrx_word' id='word_1_227' title='bbox 495 3275 591 3334; x_wconf 81' lang='lat' dir='ltr'><strong>Tertia</strong></span> <span class='ocrx_word' id='word_1_228' title='bbox 609 3283 685 3335; x_wconf 88' lang='lat' dir='ltr'><strong>aetus</strong></span> <span class='ocrx_word' id='word_1_229' title='bbox 704 3276 878 3348; x_wconf 88' lang='lat' dir='ltr'><strong>eloquentiae</strong></span> <span class='ocrx_word' id='word_1_230' title='bbox 896 3275 1045 3334; x_wconf 83' lang='lat' dir='ltr'><strong>Romanae.</strong></span> 
     </span>
    </p>
   </div>
   <div class='ocr_carea' id='block_1_5' title="bbox 247 3397 1291 3678">
    <p class='ocr_par' dir='ltr' id='par_1_5' title="bbox 247 3397 1291 3678">
     <span class='ocr_line' id='line_1_29' title="bbox 332 3397 1291 3480; baseline 0.003 -21"><span class='ocrx_word' id='word_1_231' title='bbox 332 3397 379 3466; x_wconf 86' lang='lat' dir='ltr'><strong>Ea</strong></span> <span class='ocrx_word' id='word_1_232' title='bbox 410 3404 526 3473; x_wconf 88' lang='lat' dir='ltr'><strong>aetate,</strong></span> <span class='ocrx_word' id='word_1_233' title='bbox 565 3417 641 3480; x_wconf 88' lang='lat' dir='ltr'><strong>quae</strong></span> <span class='ocrx_word' id='word_1_234' title='bbox 674 3408 809 3462; x_wconf 90' lang='lat' dir='ltr'><strong>oratores</strong></span> <span class='ocrx_word' id='word_1_235' title='bbox 846 3409 913 3462; x_wconf 91' lang='lat' dir='ltr'><strong>autc</strong></span> <span class='ocrx_word' id='word_1_236' title='bbox 946 3401 1119 3464; x_wconf 86' lang='lat' dir='ltr'><strong>Ciceronem</strong></span> <span class='ocrx_word' id='word_1_237' title='bbox 1151 3403 1291 3464; x_wconf 89' lang='lat' dir='ltr'><strong>maximos</strong></span> 
     </span>
     <span class='ocr_line' id='line_1_30' title="bbox 247 3499 1291 3584; baseline 0.002 -24"><span class='ocrx_word' id='word_1_238' title='bbox 247 3515 406 3580; x_wconf 82' lang='lat' dir='ltr'><strong>eorumque</strong></span> <span class='ocrx_word' id='word_1_239' title='bbox 435 3499 575 3580; x_wconf 81' lang='lat' dir='ltr'><strong>aequales</strong></span> <span class='ocrx_word' id='word_1_240' title='bbox 603 3501 820 3582; x_wconf 89' lang='lat' dir='ltr'><strong>complectitur,</strong></span> <span class='ocrx_word' id='word_1_241' title='bbox 852 3503 883 3563; x_wconf 93' lang='lat' dir='ltr'><strong>iu</strong></span> <span class='ocrx_word' id='word_1_242' title='bbox 910 3501 972 3564; x_wconf 88' lang='lat' dir='ltr'><strong>dies</strong></span> <span class='ocrx_word' id='word_1_243' title='bbox 1000 3509 1149 3566; x_wconf 88' lang='lat' dir='ltr'><strong>crescente</strong></span> <span class='ocrx_word' id='word_1_244' title='bbox 1178 3502 1291 3584; x_wconf 89' lang='lat' dir='ltr'><strong>imperii</strong></span> 
     </span>
     <span class='ocr_line' id='line_1_31' title="bbox 247 3599 1290 3678; baseline -0.001 -14"><span class='ocrx_word' id='word_1_245' title='bbox 247 3599 373 3664; x_wconf 84' lang='lat' dir='ltr'><strong>Romani</strong></span> <span class='ocrx_word' id='word_1_246' title='bbox 395 3601 505 3662; x_wconf 89' lang='lat' dir='ltr'><strong>ambitu</strong></span> <span class='ocrx_word' id='word_1_247' title='bbox 527 3608 555 3663; x_wconf 90' lang='lat' dir='ltr'><strong>et</strong></span> <span class='ocrx_word' id='word_1_248' title='bbox 578 3602 745 3678; x_wconf 89' lang='lat' dir='ltr'><strong>maiestate,</strong></span> <span class='ocrx_word' id='word_1_249' title='bbox 774 3610 860 3666; x_wconf 90' lang='lat' dir='ltr'><strong>aucto</strong></span> <span class='ocrx_word' id='word_1_250' title='bbox 889 3620 953 3668; x_wconf 86' lang='lat' dir='ltr'><strong>cum</strong></span> <span class='ocrx_word' id='word_1_251' title='bbox 976 3604 1097 3666; x_wconf 88' lang='lat' dir='ltr'><strong>Graecis</strong></span> <span class='ocrx_word' id='word_1_252' title='bbox 1120 3605 1290 3665; x_wconf 89' lang='lat' dir='ltr'><strong>commercio</strong></span> 
     </span>
    </p>
   </div>
   <div class='ocr_carea' id='block_1_6' title="bbox 247 3737 455 3754">
    <p class='ocr_par' dir='ltr' id='par_1_6' title="bbox 247 3737 455 3754">
     <span class='ocr_line' id='line_1_32' title="bbox 247 3737 455 3754; baseline 0 -6"><span class='ocrx_word' id='word_1_253' title='bbox 247 3737 455 3754; x_wconf 55' lang='lat' dir='ltr'><strong>-p———n—-n</strong></span> 
     </span>
    </p>
   </div>
   <div class='ocr_carea' id='block_1_7' title="bbox 246 3811 1291 4142">
    <p class='ocr_par' dir='ltr' id='par_1_7' title="bbox 246 3811 1291 4142">
     <span class='ocr_line' id='line_1_33' title="bbox 317 3811 1290 3886; baseline 0.001 -21"><span class='ocrx_word' id='word_1_254' title='bbox 317 3811 362 3880; x_wconf 82' lang='grc'><strong>46)</strong></span> <span class='ocrx_word' id='word_1_255' title='bbox 381 3814 437 3870; x_wconf 84' lang='lat' dir='ltr'><strong>vol.</strong></span> <span class='ocrx_word' id='word_1_256' title='bbox 457 3811 503 3868; x_wconf 85' lang='grc' dir='ltr'><strong>ΙΙΙ.</strong></span> <span class='ocrx_word' id='word_1_257' title='bbox 522 3833 549 3885; x_wconf 86' lang='lat' dir='ltr'><strong>p.</strong></span> <span class='ocrx_word' id='word_1_258' title='bbox 569 3813 611 3869; x_wconf 80' lang='grc'><strong>96.</strong></span> <span class='ocrx_word' id='word_1_259' title='bbox 689 3817 735 3880; x_wconf 74' lang='grc'><strong>47)</strong></span> <span class='ocrx_word' id='word_1_260' title='bbox 753 3816 808 3872; x_wconf 83' lang='lat' dir='ltr'><strong>cic.</strong></span> <span class='ocrx_word' id='word_1_261' title='bbox 827 3833 853 3886; x_wconf 95' lang='lat' dir='ltr'><strong>p.</strong></span> <span class='ocrx_word' id='word_1_262' title='bbox 867 3816 984 3871; x_wconf 83' lang='lat' dir='ltr'><strong>Fonteio</strong></span> <span class='ocrx_word' id='word_1_263' title='bbox 998 3817 1023 3873; x_wconf 86' lang='lat'><strong>7.</strong></span> <span class='ocrx_word' id='word_1_264' title='bbox 1052 3816 1113 3872; x_wconf 80' lang='lat' dir='ltr'><strong>vat.</strong></span> <span class='ocrx_word' id='word_1_265' title='bbox 1130 3816 1210 3872; x_wconf 81' lang='lat' dir='ltr'><strong>Max.</strong></span> <span class='ocrx_word' id='word_1_266' title='bbox 1223 3815 1290 3870; x_wconf 90' lang='lat' dir='ltr'><strong>Vlll.</strong></span> 
     </span>
     <span class='ocr_line' id='line_1_34' title="bbox 247 3897 1290 3970; baseline 0.001 -20"><span class='ocrx_word' id='word_1_267' title='bbox 247 3898 280 3964; x_wconf 79' lang='lat'><strong>5,</strong></span> <span class='ocrx_word' id='word_1_268' title='bbox 297 3897 323 3952; x_wconf 69' lang='lat' dir='ltr'><strong>l.</strong></span> <span class='ocrx_word' id='word_1_269' title='bbox 410 3899 455 3964; x_wconf 77' lang='grc'><strong>48)</strong></span> <span class='ocrx_word' id='word_1_270' title='bbox 473 3899 536 3955; x_wconf 87' lang='lat' dir='ltr'><strong>Liv.</strong></span> <span class='ocrx_word' id='word_1_271' title='bbox 558 3901 622 3970; x_wconf 88' lang='lat' dir='ltr'><strong>opit.</strong></span> <span class='ocrx_word' id='word_1_272' title='bbox 641 3899 739 3957; x_wconf 85' lang='lat' dir='ltr'><strong>LXlX.</strong></span> <span class='ocrx_word' id='word_1_273' title='bbox 765 3901 820 3955; x_wconf 84' lang='lat' dir='ltr'><strong>Cic.</strong></span> <span class='ocrx_word' id='word_1_274' title='bbox 839 3901 918 3956; x_wconf 86' lang='lat' dir='ltr'><strong>Catil.</strong></span> <span class='ocrx_word' id='word_1_275' title='bbox 938 3901 985 3956; x_wconf 87' lang='lat' dir='ltr'><strong>lV.</strong></span> <span class='ocrx_word' id='word_1_276' title='bbox 1003 3900 1027 3956; x_wconf 74' lang='lat'><strong>2.</strong></span> <span class='ocrx_word' id='word_1_277' title='bbox 1054 3901 1127 3956; x_wconf 87' lang='lat' dir='ltr'><strong>Plut.</strong></span> <span class='ocrx_word' id='word_1_278' title='bbox 1145 3901 1240 3956; x_wconf 88' lang='lat' dir='ltr'><strong>Mario</strong></span> <span class='ocrx_word' id='word_1_279' title='bbox 1253 3901 1290 3954; x_wconf 77' lang='lat'><strong>29.</strong></span> 
     </span>
     <span class='ocr_line' id='line_1_35' title="bbox 248 3983 1291 4054; baseline 0.001 -18"><span class='ocrx_word' id='word_1_280' title='bbox 248 3983 365 4054; x_wconf 80' lang='lat' dir='ltr'><strong>Appiam.</strong></span> <span class='ocrx_word' id='word_1_281' title='bbox 385 3983 420 4040; x_wconf 91' lang='lat' dir='ltr'><strong>B.</strong></span> <span class='ocrx_word' id='word_1_282' title='bbox 435 3985 495 4040; x_wconf 81' lang='lat' dir='ltr'><strong>civ.</strong></span> <span class='ocrx_word' id='word_1_283' title='bbox 515 3983 535 4038; x_wconf 89' lang='lat' dir='ltr'><strong>l.</strong></span> <span class='ocrx_word' id='word_1_284' title='bbox 554 3983 596 4040; x_wconf 74' lang='lat'><strong>32.</strong></span> <span class='ocrx_word' id='word_1_285' title='bbox 684 3985 730 4054; x_wconf 76' lang='lat'><strong>49)</strong></span> <span class='ocrx_word' id='word_1_286' title='bbox 750 3987 806 4041; x_wconf 78' lang='lat' dir='ltr'><strong>cle,</strong></span> <span class='ocrx_word' id='word_1_287' title='bbox 822 3985 901 4041; x_wconf 86' lang='lat' dir='ltr'><strong>Brut.</strong></span> <span class='ocrx_word' id='word_1_288' title='bbox 918 3985 966 4051; x_wconf 78' lang='lat'><strong>36,</strong></span> <span class='ocrx_word' id='word_1_289' title='bbox 987 3985 1043 4040; x_wconf 81' lang='lat'><strong>136.</strong></span> <span class='ocrx_word' id='word_1_290' title='bbox 1122 3987 1168 4054; x_wconf 82' lang='lat'><strong>50)</strong></span> <span class='ocrx_word' id='word_1_291' title='bbox 1187 3987 1244 4042; x_wconf 82' lang='lat' dir='ltr'><strong>Cle.</strong></span> <span class='ocrx_word' id='word_1_292' title='bbox 1260 3985 1291 4038; x_wconf 85' lang='lat' dir='ltr'><strong>de</strong></span> 
     </span>
     <span class='ocr_line' id='line_1_36' title="bbox 246 4065 1291 4142; baseline -0.001 -21"><span class='ocrx_word' id='word_1_293' title='bbox 246 4065 296 4122; x_wconf 83' lang='lat' dir='ltr'><strong>Or.</strong></span> <span class='ocrx_word' id='word_1_294' title='bbox 314 4067 347 4122; x_wconf 86' lang='lat' dir='ltr'><strong>ll.</strong></span> <span class='ocrx_word' id='word_1_295' title='bbox 365 4069 414 4134; x_wconf 85' lang='lat'><strong>70,</strong></span> <span class='ocrx_word' id='word_1_296' title='bbox 431 4069 491 4122; x_wconf 74' lang='lat'><strong>283.</strong></span> <span class='ocrx_word' id='word_1_297' title='bbox 571 4069 617 4136; x_wconf 86' lang='grc'><strong>51)</strong></span> <span class='ocrx_word' id='word_1_298' title='bbox 633 4070 651 4124; x_wconf 92' lang='grc' dir='ltr'><strong>Ι.</strong></span> <span class='ocrx_word' id='word_1_299' title='bbox 667 4088 690 4124; x_wconf 91' lang='lat' dir='ltr'><strong>c.</strong></span> <span class='ocrx_word' id='word_1_300' title='bbox 767 4072 811 4140; x_wconf 70' lang='lat'><strong>52)</strong></span> <span class='ocrx_word' id='word_1_301' title='bbox 831 4073 907 4126; x_wconf 88' lang='lat' dir='ltr'><strong>Suet.</strong></span> <span class='ocrx_word' id='word_1_302' title='bbox 926 4071 964 4124; x_wconf 94' lang='lat' dir='ltr'><strong>ill.</strong></span> <span class='ocrx_word' id='word_1_303' title='bbox 983 4088 1022 4142; x_wconf 77' lang='lat' dir='ltr'><strong>gr.</strong></span> <span class='ocrx_word' id='word_1_304' title='bbox 1041 4069 1066 4124; x_wconf 83' lang='lat'><strong>3.</strong></span> <span class='ocrx_word' id='word_1_305' title='bbox 1144 4071 1190 4140; x_wconf 83' lang='lat'><strong>53)</strong></span> <span class='ocrx_word' id='word_1_306' title='bbox 1207 4071 1291 4125; x_wconf 87' lang='lat' dir='ltr'><strong>Prisc.</strong></span> 
     </span>
    </p>
   </div>
   <div class='ocr_carea' id='block_1_8' title="bbox 245 4151 1292 4292">
    <p class='ocr_par' dir='ltr' id='par_1_8' title="bbox 245 4151 1292 4292">
     <span class='ocr_line' id='line_1_37' title="bbox 245 4151 1292 4292; baseline 0 -86"><span class='ocrx_word' id='word_1_307' title='bbox 245 4151 366 4292; x_wconf 42' lang='lat' dir='ltr'><strong>pillphp.</strong></span> <span class='ocrx_word' id='word_1_308' title='bbox 385 4153 444 4208; x_wconf 75' lang='lat'><strong>793.</strong></span> <span class='ocrx_word' id='word_1_309' title='bbox 462 4153 496 4208; x_wconf 89' lang='grc' dir='ltr'><strong>Ρ.</strong></span> <span class='ocrx_word' id='word_1_310' title='bbox 514 4163 532 4207; x_wconf 90' lang='lat' dir='ltr'><strong>t.</strong></span> <span class='ocrx_word' id='word_1_311' title='bbox 553 4152 573 4207; x_wconf 90' lang='lat' dir='ltr'><strong>l.</strong></span> <span class='ocrx_word' id='word_1_312' title='bbox 594 4153 620 4224; x_wconf 63' lang='lat' dir='ltr'><strong>p.‘</strong></span> <span class='ocrx_word' id='word_1_313' title='bbox 641 4153 692 4211; x_wconf 74' lang='lat'><strong>372</strong></span> <span class='ocrx_word' id='word_1_314' title='bbox 709 4155 744 4211; x_wconf 89' lang='lat' dir='ltr'><strong>K.</strong></span> <span class='ocrx_word' id='word_1_315' title='bbox 822 4158 867 4224; x_wconf 82' lang='grc'><strong>54)</strong></span> <span class='ocrx_word' id='word_1_316' title='bbox 887 4157 957 4211; x_wconf 89' lang='lat' dir='ltr'><strong>Gell.</strong></span> <span class='ocrx_word' id='word_1_317' title='bbox 972 4156 1047 4212; x_wconf 87' lang='lat' dir='ltr'><strong>XlX.</strong></span> <span class='ocrx_word' id='word_1_318' title='bbox 1062 4156 1088 4214; x_wconf 83' lang='grc'><strong>9.</strong></span> <span class='ocrx_word' id='word_1_319' title='bbox 1113 4155 1198 4213; x_wconf 78' lang='lat' dir='ltr'><strong>Ovio.</strong></span> <span class='ocrx_word' id='word_1_320' title='bbox 1214 4156 1292 4212; x_wconf 69' lang='lat' dir='ltr'><strong>&#39;frma</strong></span> 
     </span>
    </p>
   </div>
   <div class='ocr_carea' id='block_1_9' title="bbox 0 0 1347 4774">
    <p class='ocr_par' dir='ltr' id='par_1_9' title="bbox 0 0 1347 4774">
     <span class='ocr_line' id='line_1_38' title="bbox 0 0 1347 4774; baseline 0 0"><span class='ocrx_word' id='word_1_321' title='bbox 0 0 1347 4774; x_wconf 95' lang='lat' dir='ltr'><strong> </strong></span> 
     </span>
    </p>
   </div>
  </div>
 </body>
</html>
