2674 4776
246 1389 835 1506 INTRODUOTIO.

34 1781 96 1900 Iu
116 1835 310 1922 praefatione
332 1833 407 1901 libri
429 1833 541 1904 Cicero
556 1839 688 1923 primum
707 1833 746 1916 Q.
763 1833 923 1904 Hortensii
937 1849 1068 1906 mortem

35 1938 166 2026 deplorat,
182 1939 239 2008 sed
253 1959 334 2028 quae
347 1949 518 2026 opportuno
534 1942 596 2028 ipsi
613 1949 751 2026 tempore
769 1939 933 2022 acciderit3
952 1943 1065 2010 deiude

36 2063 147 2110 causam
168 2043 320 2130 colloquii
340 2043 557 2132 perscribendi
579 2048 712 2132 exponit.
743 2041 905 2112 Venerunt
921 2049 1003 2113 euim
1026 2047 1068 2114 ab

38 2165 94 2212 eum
112 2146 154 2212 M.
175 2145 291 2216 Brutus
314 2157 345 2213 et
366 2145 405 2212 T.
425 2147 614 2236 Pomponius
635 2149 759 2216 Atticus
781 2167 912 2235 eumque
932 2168 1069 2234 rogave·

35 2261 106 2330 rant,
133 2263 165 2318 ut
182 2272 276 2340 quem
296 2271 395 2340 nuper
425 2253 459 2318 in
480 2250 662 2320 Tusculano
689 2251 872 2322 inchoasset
892 2271 1067 2322 sermonem
1192 2306 1197 2316 .

35 2352 253 2425 decretoribus
277 2375 359 2422 nunc
379 2355 502 2443 plenius
524 2367 693 2444 exponeret
715 2359 757 2438 (c.
781 2357 899 2439 lma).

106 2457 229 2529 Orditur
245 2462 342 2546 igitur
360 2459 401 2526 ab
412 2459 524 2528 boicis
543 2460 719 2530 oratoribus
736 2461 830 2530 simul
845 2481 912 2529 rem
929 2464 1066 2532 omniurn

37 2559 232 2633 difficillimam
263 2584 337 2632 esse
366 2563 575 2652 eloquentiam
597 2565 824 2634 demonstraus.
866 2564 946 2634 Nam
970 2570 1066 2635 etiam

36 2664 146 2737 ltbenis
164 2689 274 2738 omues
295 2678 380 2736 artes
399 2679 469 2738 aute
487 2671 634 2736 inventae
645 2671 865 2757 perfectaeque
876 2682 957 2750 sunt,
971 2691 1065 2757 quam

35 2768 191 2858 eloquentia
209 2775 252 2842 ad
270 2793 359 2840 suam
378 2773 534 2860 quandam
551 2775 759 2838 maturitatem
773 2777 915 2858 pervenit
932 2784 972 2850 et,
995 2793 1066 2847 curn
1205 2790 1215 2796 ·

37 2872 86 2940 iam
105 2880 179 2945 satis
201 2878 354 2946 cultorum
370 2877 557 2964 reperisset,
576 2884 640 2940 tum
657 2873 779 2939 demum
795 2873 837 2940 ad
854 2877 931 2941 artis
948 2875 1066 2942 formu·

37 2972 87 3044 laun
104 2993 250 3051 reuocata
274 2993 323 3049 est
344 2983 386 3061 (e.
409 2979 548 3062 o-ls).
701 2961 712 3052 ’,

107 3083 233 3154 Transit
257 3088 299 3154 ad
322 3094 465 3154 oratores
484 3081 662 3165 Romanos,
684 3099 813 3168 quorum
830 3082 961 3168 primum
985 3082 1067 3152 anti-

35 3186 139 3266 quiores
163 3201 339 3270 enumerat,
368 3191 406 3256 de
430 3205 559 3276 quorum
582 3185 762 3274 eloquentia
789 3184 869 3253 nibil
889 3186 967 3253 certi
989 3185 1066 3252 sciri

38 3292 134 3370 possit.
164 3293 201 3361 L.
223 3295 352 3364 Brutum
388 3291 433 3359 Μ.
458 3289 618 3358 Valerium
645 3289 816 3358 Maximum
845 3289 883 3356 L.
905 3288 1067 3356 Valerium

36 3385 149 3464 Potitum
173 3399 234 3488 Ap.
257 3399 422 3466 Claudiurn
445 3394 581 3464 Caecum
609 3394 643 3462 G.
665 3394 844 3464 Fabricium
871 3391 923 3459 Ti.
945 3389 1066 3474 Gerun-

38 3501 141 3567 tunium
160 3501 205 3568 Μ’
225 3500 351 3568 Curium
373 3499 418 3566 M.
437 3499 591 3590 Popilium
617 3498 651 3566 G.
671 3499 858 3566 Flaminium
879 3495 917 3576 Q.
934 3493 1067 3562 Fabium

36 3593 188 3674 Maximum
208 3605 418 3674 Verrucosum
447 3605 485 3686 Q.
508 3605 670 3672 Metellum
693 3607 735 3686 (c.
758 3603 825 3686 14).

108 3706 283 3798 Sequuntur
304 3709 368 3789 illi,
391 3711 429 3778 de
452 3709 563 3798 quibus
586 3709 701 3776 certior
720 3707 873 3775 memoria
891 3703 1066 3788 constabat,

39 3805 63 3871 in
81 3814 182 3901 eisque
205 3819 322 3903 primus
344 3814 388 3882 tt.
412 3813 578 3882 Cornelius
601 3810 820 3898 Cethegus(c.
844 3809 911 3890 lb).
943 3808 1066 3890 Deinde

40 3907 75 3976 ll.
95 3915 219 3986 Catonis
240 3919 383 3988 Censorii
404 3918 516 3986 laudes
537 3917 791 3984 commendantur
809 3915 938 3997 egregie
958 3919 989 3974 et
1011 3908 1066 3973 de-

39 4011 124 4088 tersio
144 4034 273 4110 paratur
288 4024 329 4090 ad
345 4024 504 4110 sequentis
521 4013 634 4088 aetatis
649 4021 767 4087 iudicia
784 4015 956 4100 iniquiora:
980 4029 1065 4076 com«

37 4133 146 4200 paratur
167 4131 250 4200 enim
266 4144 336 4192 cum
350 4122 451 4209 Lysia
467 4135 498 4193 et
515 4145 571 4193 cur
585 4124 637 4192 bic
652 4124 758 4212 plures
773 4117 890 4185 babeat
908 4122 1066 4190 numeres,

38 4228 182 4309 exponitur
203 4227 244 4309 (c.
268 4229 426 4311 lli-19)-
