2660 4776
229 427 312 496 ne
390 421 539 492 BliEVlS
561 419 860 503 ELOQUENTIAE
882 419 985 490 ROM.
1008 419 1117 488 nist.

230 605 347 678 ruptus,
376 598 403 657 si
428 595 544 676 quidem
572 597 706 674 grauiter
732 595 865 676 queritur
887 593 991 657 Gicero
1010 589 1078 676 (⁶¹),
1113 591 1192 673 qnod
1216 610 1268 654 nna
1321 547 1322 612 4

231 715 296 760 cum
323 715 417 759 uxore
443 697 612 759 libertinam
643 697 701 758 sibi
730 697 867 758 dilectam
896 695 1080 774 Cytheridem
1109 701 1138 755 et
1168 701 1269 774 septem

231 799 299 860 aliis
319 798 431 860 lecticis
452 797 573 860 totidem
594 798 657 861 siue
674 798 784 860 amicam
806 799 867 860 sire
883 798 994 858 amicas
1014 798 1046 858 in
1059 797 1118 857 iter
1135 795 1270 856 eduxerit

230 899 291 963 Sed
317 899 479 962 oratoriam
500 898 618 960 landem
647 899 685 960 ab
709 917 744 961 eo
766 897 938 960 abiudicare
964 898 1123 959 nonlicet.
1168 894 1270 971 Quodsi

231 1001 307 1063 enim
328 1019 416 1081 quem
437 998 600 1062 honorilice
620 1000 651 1060 in
671 1001 774 1080 primis
797 998 993 1076 Quintilianus
1016 997 1052 1059 de
1074 997 1270 1060 eo‘existimet

229 1103 477 1182 reputaverimus,
508 1101 612 1161 mirum
636 1100 733 1165 rideri
759 1102 868 1181 possit,
901 1098 980 1180 qnod
1010 1099 1116 1162 ilieero
1148 1097 1269 1178 quands

231 1203 341 1264 amicus
361 1203 484 1265 uirtutes
505 1201 568 1264 eins
585 1202 679 1263 minus
699 1200 930 1282 praedicaverit,
953 1219 1041 1280 qnam
1054 1200 1113 1262 riri
1132 1198 1232 1260 landes
1247 1203 1271 1256 et

230 1311 331 1364 mutua
351 1301 558 1364 benevolentia
577 1302 778 1384 postulabant.
821 1301 896 1364 Nam
917 1302 949 1362 in
965 1298 1270 1379 Murenianaquidem

230 1404 410 1482 ignoscimus
434 1403 548 1464 oratori
568 1399 627 1465 τὸν
643 1395 732 1485 ἥττω
751 1396 851 1484 λόγον
870 1395 1008 1486 κρείττω
1026 1400 1193 1475 ποιοῦντι,
1214 1416 1271 1460 onn

232 1504 347 1568 civilem
362 1503 495 1584 Sulpicio
517 1502 702 1584 prudentiam
723 1519 782 1564 non
799 1501 915 1577 adimit,
934 1501 987 1562 sed
1002 1501 1199 1582 eloquentiam
1218 1517 1270 1561 non

233 1605 374 1668 coneedit.
419 1603 479 1666 Sed
507 1605 539 1665 in
559 1605 651 1666 Bruto
671 1598 726 1682 (⁶²)
754 1603 889 1666 eximiam
915 1601 1032 1682 quidem
1058 1610 1179 1682 praeter
1201 1600 1272 1662 alias

231 1707 336 1768 literas
361 1705 444 1766 illam
467 1705 495 1766 ei
514 1704 631 1766 landem
654 1705 771 1779 tribuit,
799 1703 878 1784 quod
900 1721 964 1765 cum
986 1704 1095 1784 pesida
1117 1700 1271 1766 Scaeuolae

234 1815 263 1869 et
290 1807 415 1869 aliorum
442 1806 515 1866 iuris
542 1805 741 1868 consultorum
767 1804 851 1868 illam
877 1821 995 1884 quoque
1022 1803 1185 1866 doctrinam
1210 1819 1278 1864 con,

232 1909 374 1982 iunxerit,
406 1925 483 1988 quae
512 1905 656 1987 dissipata
681 1923 856 1987 componere
884 1904 1007 1966 confusa
1034 1903 1202 1966 discernere
1220 1902 1273 1966 suis

234 2025 369 2089 quaeque
398 2009 542 2088 capitibus
564 2007 744 2086 subiungere
767 2006 886 2080 doceat,
918 2013 946 2067 et
973 2006 1106 2068 acumine
1128 2004 1273 2066 dialectico

233 2110 307 2171 iuris
335 2108 438 2170 rudem
468 2107 563 2170 adbuc
591 2106 827 2186 indigestamque
857 2105 965 2168 molem
990 2107 1022 2168 in
1054 2107 1127 2168 artis
1157 2105 1271 2166 forman

234 2209 397 2287 redegerit:
425 2217 456 2270 at
480 2226 549 2270 mox
577 2207 658 2268 addit
687 2207 881 2287 assumpsisse
908 2205 1073 2288 Sulpicium
1098 2205 1274 2286 eloquentiae

234 2317 360 2381 tantum,
383 2315 415 2369 nt
433 2309 479 2369 ius
502 2308 588 2370 einile
605 2307 696 2368 facile
713 2314 857 2382 tueretur,
880 2307 959 2387 qood
977 2327 1036 2370 non
1057 2325 1130 2369 sane
1148 2321 1273 2384 magnum
1321 2353 1322 2378 ,

237 2415 294 2483 est,
317 2415 345 2469 et
365 2407 425 2468 alio
451 2407 519 2469 loeo
540 2407 722 2488 principibus
745 2407 931 2488 eloquentiae
952 2428 1020 2470 num
1041 2427 1098 2489 par
1118 2408 1207 2470 fuerit
1227 2405 1272 2466 ad
1321 2409 1322 2468 ἶ

237 2509 360 2570 dubitat.
408 2506 453 2569 Ne
479 2507 647 2589 Philippica
679 2507 795 2588 quidem
824 2527 904 2570 nona
920 2509 1065 2573 laudem
1078 2509 1171 2570 aliam
1197 2523 1322 2590 quan
1321 2547 1322 2556 ι

236 2609 311 2670 iuris
335 2607 461 2670 consulti
479 2609 576 2672 habet.
618 2609 697 2671 luris
723 2610 798 2670 enim
818 2609 927 2689 peritia
948 2617 1015 2672 ante
1035 2610 1205 2672 Labeonem
1220 2610 1272 2670 An-

236 2711 347 2773 tistium
369 2717 397 2772 et
417 2710 531 2772 Ateium
554 2709 725 2790 Capitonem
746 2710 878 2772 omnibns
900 2711 1063 2790 praestitit,
1088 2719 1121 2772 ut
1146 2711 1215 2772 libri
1232 2725 1272 2769 re·
1321 2755 1322 2790 ,

237 2811 478 2892 prehensurum
469 2829 500 2872 nn
512 2810 659 2874 Scaeuola
681 2811 808 2891 capitum
828 2811 1094 2872 commentarium
1085 2809 1273 2873 1nduodeoim
1321 2853 1322 2892 ,

237 2911 355 2974 tabulas
388 2910 441 2972 alii
472 2911 503 2972 in
535 2929 644 2994 summo
676 2912 790 2974 bonore
821 2919 927 2974 essent.
970 2912 1085 2974 Docent
1112 2913 1223 2976 Gellius
1250 2914 1273 2968 et
1321 2976 1322 2982 ἵ

237 3012 342 3076 Festus
366 3029 466 3073 eorum
492 3012 658 3073 testimonio
678 3011 870 3074 multifariam
890 3019 1012 3074 utentes.
1055 3013 1163 3091 Longe
1183 3010 1273 3073 iustior

240 3113 383 3177 Gicerone
395 3111 609 3188 Quintilianus,
633 3112 683 3198 qui
697 3131 757 3174 non
772 3112 858 3176 modo
877 3114 949 3174 artis
966 3113 1101 3194 exempla
1122 3133 1143 3174 a
1156 3109 1271 3192 Sulpicio
1321 3171 1322 3200 p

238 3215 312 3296 petit
332 3209 402 3293 (⁶³),
431 3212 483 3274 sed
513 3213 601 3274 etiam
626 3211 751 3274 studium
777 3213 881 3276 laudat
899 3210 966 3293 (⁶⁴),
996 3232 1118 3278 acumen
1143 3215 1271 3290 insignem
1321 3237 1322 3286 p

240 3315 304 3376 eius
320 3316 352 3376 in
369 3311 491 3374 dicendo
508 3313 643 3374 virtutem
660 3313 813 3392 praedicat
823 3310 892 3394 (⁶5),
914 3315 1082 3378 facundiam
1101 3333 1166 3378 cum
1181 3309 1272 3394 peritia
1321 3345 1322 3370 o

239 3415 321 3488 boio,
343 3420 375 3474 ut
397 3411 503 3476 (latoni
524 3418 552 3473 et
573 3413 751 3489 Scaeuolae,
774 3432 943 3478 concessam
960 3395 1054 3478 fuisse
1074 3405 1269 3494 agnoscenti),
1321 3425 1322 3506 ζ

239 3515 385 3594 insignem
412 3512 506 3574 tribus
532 3515 715 3578 orationibus
742 3517 913 3597 perscriptis
935 3515 1053 3578 laudem
1078 3523 1196 3596 partam
1220 3523 1270 3572 esse
1316 3527 1322 3539 '¹

240 3614 333 3676 refert
349 3609 417 3692 (⁶⁷),
445 3611 498 3674 sed
520 3615 645 3676 omnium
667 3617 833 3698 orationum
854 3617 1077 3680 commentarios
1099 3609 1269 3677 accuratissi-

169 3757 171 3760 -
240 3730 304 3774 mos
337 3714 374 3772 ab
389 3783 392 3792 Δ
408 3720 453 3774 eo,
476 3713 623 3776 confectos
658 3723 777 3790 narrat,
811 3733 865 3778 nec
897 3718 1038 3780 minorem
1064 3717 1172 3802 horum
1192 3725 1267 3794 'quan

242 3805 414 3874 urceorum·
430 3815 641 3893 praestantiam
661 3831 727 3878 esse
748 3813 968 3896 significandi).
1011 3816 1191 3892 Causarum,
1212 3823 1267 3894 qnos

310 3973 357 4044 61)
376 3975 432 4030 coc.
442 3975 497 4030 Ate
506 3976 540 4032 X.
550 3977 592 4034 10.
671 3977 726 4045 nn)
746 3979 802 4034 cic.
811 3979 950 4049 Brutdl,
961 3980 1019 4036 156.
1089 3933 1154 4047 ’,63)
1174 3971 1319 4038 Quinti

241 4057 289 4113 lv.
307 4059 341 4126 2,
361 4058 418 4116 166.
447 4059 493 4116 Vl.
513 4062 542 4128 l,
560 4063 626 4118 tc.
658 4063 735 4131 64.)
759 4064 879 4124 Quintil.
889 4066 972 4132 Χ5,
990 4067 1014 4120 4.
1062 4065 1150 4139 65)
1166 4053 1267 4122 Quintil

242 4141 422 4292 prptap
451 4145 498 4214 66)
515 4146 569 4208 Qu
579 4146 699 4218 Χ1116
710 4150 762 4206 11.
827 4149 1026 4220 67)Qu..,xl
1038 4115 1096 4204 116
1175 4141 1322 4214 68)(61
