2674 4782
239 429 329 502 216
519 453 523 461 ’
630 421 902 493 CICERONIS.

325 588 477 661 xxxvl.
504 591 577 662 136.
604 591 686 662 'l'um
713 591 867 662 etiamG.
888 588 978 660 etL
997 589 1142 659 Memmii
1169 592 1287 662 luerunt
1327 641 1329 700 4

241 723 385 784 oratores
407 711 585 780 mediocres
610 722 813 780 accusatores
835 731 928 779 acres
953 721 1046 798 etque
1068 711 1189 779 acerbi.
1232 711 1329 780 ita

241 853 302 920 que
329 834 364 897 in
384 830 533 898 iudicium
554 832 666 918 eapitis
686 830 809 898 multos
820 839 1027 910 vocaverunt,
1054 849 1111 917 pro
1133 833 1200 898 reis
1228 851 1286 899 non

175 1036 180 1048 Ι
241 969 339 1038 saepe
362 949 514 1017 dixerunt.
559 946 614 1037 Sp.
636 947 776 1016 Thorius
797 949 876 1015 satis
896 946 996 1014 valuit
1016 949 1050 1013 in
1067 947 1214 1036 populari
1235 969 1286 1035 ge-

240 1087 318 1136 nere
335 1067 474 1146 dicendi,
495 1069 525 1132 is
542 1069 595 1154 qni
612 1057 894 1154 agrnm'pnblioum
909 1067 1026 1133 vitiosa
1036 1049 1077 1132 'et
1096 1065 1200 1133 inutili
1217 1066 1286 1152 lege

240 1187 391 1273 vectigali
411 1185 538 1253 levavit.
582 1183 628 1250 Μ.
649 1183 825 1252 Marcellus
847 1184 1017 1250 Aesernini
1038 1193 1130 1271 pater
1149 1205 1213 1252 non
1234 1185 1285 1251 ille

241 1305 367 1393 quidem
387 1306 421 1370 in
437 1304 596 1392 patronis,
621 1275 679 1370 sed
701 1312 733 1370 et
753 1305 786 1369 in
806 1304 954 1392 promptis
975 1311 1080 1368 tamen
1105 1312 1136 1368 et
1157 1323 1221 1370 non
1242 1306 1287 1369 io·
1324 1341 1328 1402 p

241 1423 423 1490 exercitatis
453 1421 495 1488 ad
522 1421 687 1502 dicendum
709 1421 780 1502 fnit,
810 1420 949 1487 utilius
978 1423 1047 1486 eius
1068 1419 1104 1484 P.
1126 1417 1297 1487 Lentulos·

242 1538 318 1606 137.
344 1537 382 1605 L.
405 1540 500 1605 etiam
522 1536 614 1606 Cotta
638 1523 828 1628 praetorius'
844 1541 879 1605 iu
903 1517 1107 1606 mediociium
1133 1549 1286 1604 oratorum

241 1675 372 1724 numero
400 1654 526 1724 dicendi
553 1676 617 1725 non
644 1659 690 1724 ita
716 1656 844 1724 multum
870 1657 965 1724 leude
987 1665 1202 1744 processerat,
1232 1655 1285 1722 sed

243 1773 282 1842 ule
304 1775 460 1842 industria
482 1795 552 1842 cum
572 1775 680 1844 verbis
704 1786 767 1843 tum
790 1779 885 1843 etlam
906 1777 976 1863 ipso
999 1795 1078 1842 sono
1103 1776 1195 1862 quasi
1216 1774 1284 1842 snb-

240 1896 360 1960 rustico
383 1878 630 1981 persequebatur
651 1905 744 1981 atque
765 1893 946 1960 imitabatur
968 1896 1193 1980 antiquitatem.
1232 1893 1284 1959 At-

242 2029 302 2098 qoe
325 2031 386 2097 ego
407 2021 438 2078 et
459 2013 492 2078 in
509 2011 570 2079 boc
587 2015 657 2101 ipsc
675 2010 773 2080 Cosa
788 2022 819 2080 et
832 2013 873 2078 in
887 2011 960 2078 aliis
977 2011 1119 2098 pluribus
1140 2011 1283 2096 intellego

240 2149 292 2196 me
323 2150 388 2197 non
416 2132 462 2196 ita
492 2130 628 2198 disertos
655 2127 798 2198 homiues
814 2169 817 2174 -
831 2140 863 2196 et
887 2129 1046 2196 rettulisse
1077 2129 1112 2196 in
1134 2141 1285 2196 oratorum
1327 2115 1329 2118 ’

240 2263 403 2314 numerum
435 2257 466 2314 et
494 2247 673 2314 relaturum.
718 2258 767 2315 est
799 2250 882 2314 enim
913 2249 1106 2336 propositum
1139 2247 1284 2332 colligere

241 2382 314 2442 eos,
346 2367 400 2450 qui
423 2363 484 2431 hoc
508 2360 635 2432 munere
666 2367 846 2434 incivitate
874 2366 971 2433 innoti
993 2367 1069 2443 sint,
1100 2373 1286 2432 attererent
1326 2389 1328 2432 ι

240 2491 401 2548 oratorum
421 2481 541 2547 locum:
571 2503 702 2568 quorum
724 2484 848 2570 quidem
870 2504 950 2571 quae
975 2483 1069 2549 suerit
1082 2486 1237 2566 ‘ascensio
1257 2491 1284 2548 et

242 2617 336 2684 quam
361 2599 394 2664 in
419 2597 562 2665 omnibus
586 2600 682 2666 rebus
711 2600 849 2668 difficilis
876 2604 991 2688 optumi
1018 2600 1171 2688 perfectio
1199 2612 1283 2685 atque

243 2714 401 2784 absolutio
419 2736 458 2784 ex
474 2737 523 2796 eo,
543 2717 626 2805 quod
641 2718 753 2798 dicam,
770 2721 952 2786 existumari
968 2728 1080 2806 potest
1103 2718 1176 2786 138.
1190 2714 1285 2800 Quom
1326 2783 1327 2786 ,

241 2834 331 2904 multi
357 2838 440 2909 enlm
468 2837 533 2906 lam
555 2846 698 2909 oratores
722 2821 955 2908 commemorati
979 2847 1050 2903 sunt
1072 2846 1103 2902 et
1124 2857 1216 2924 quam
1237 2836 1284 2902 lin
1323 2789 1327 2858 ἵ

243 2954 408 3022 incorum
437 2956 868 3034 enumeratione-versamur,
896 2975 965 3026 cum
990 2939 1096 3026 tamen
1120 2957 1223 3044 spisse
1241 2963 1284 3022 at-

307 3187 353 3238 137.
376 3187 568 3247 persequebatur]
581 3191 766 3245 prosequebatur.

310 3355 439 3413 xxxvi.
476 3356 534 3412 roo.
573 3355 603 3416 c.
623 3365 651 3414 e
668 3357 703 3416 n.
726 3357 878 3430 bremme]
906 3366 935 3415 u
948 3359 1012 3417 om.
1033 3357 1115 3416 coen.
1139 3361 1194 3416 mu
1209 3359 1282 3432 pree
1325 3333 1326 3417 l

241 3457 305 3514 que.
318 3473 353 3482 -
366 3459 424 3516 pro
436 3444 509 3512 rete]
520 3459 579 3518 pro
594 3448 638 3498 etr
650 3442 702 3516 Lg.
715 3445 756 3500 58.
768 3475 803 3486 —
821 3461 881 3500 ruore
894 3448 995 3518 saepe]
1008 3463 1068 3500 uon
1084 3463 1136 3500 om.
1152 3447 1195 3502 etl.
1206 3464 1243 3518 pr.
1252 3475 1282 3485 —

244 3527 383 3604 Thorius]
402 3529 465 3584 libri
477 3530 532 3583 mel
549 3545 643 3584 omnes
660 3531 720 3584 sine
731 3528 759 3585 b.
773 3557 809 3571 -
826 3532 978 3603 oeettpatr]
996 3531 1142 3605 oeetipele
1159 3533 1222 3588 libri
1235 3530 1283 3586 mei
1324 3591 1325 3600 χ

242 3627 351 3681 omnes,
371 3614 414 3670 etl.
431 3632 474 3686 pr.
511 3614 619 3671 leuauit
634 3615 778 3686 oeettqale
797 3615 848 3688 lig.
866 3615 908 3671 56.

313 3713 370 3769 137.
407 3719 500 3770 ettam
520 3715 618 3785 Cotta]
644 3704 738 3772 etiam
760 3733 813 3771 om.
832 3717 883 3774 Gu.
903 3719 926 3772 1.
943 3747 979 3758 -
1006 3719 1084 3792 ipro]
1105 3736 1158 3773 cnr.
1179 3720 1282 3788 eripe,

241 3799 366 3868 agnoscit
383 3815 444 3854 cum
457 3799 532 3856 libris
550 3801 734 3861 Quintilianus
750 3801 800 3855 Xl.
818 3803 849 3868 3,
868 3802 957 3857 lu-
977 3803 1225 3877 persequebatur]
1247 3802 1282 3854 oie

242 3882 337 3938 collati
353 3882 417 3938 libri
437 3893 549 3957 praeter
571 3885 623 3942 Gur.
640 3888 680 3954 1.,
705 3887 770 3941 item
787 3883 831 3944 etl.
850 3905 908 3960 pr.;
930 3889 1079 3944 Ascensins
1097 3893 1123 3943 e
1139 3888 1207 3944 Eru.
1219 3901 1282 3960 pro·
1323 3923 1324 3968 q

241 3969 425 4040 sequebatur.
452 3970 687 4042 subsequebatur
704 3970 756 4028 Gn.
772 3974 796 4030 1.
809 4002 846 4016 -
872 3973 1020 4048 tutellepo]
1038 3974 1089 4046 hg.
1102 3973 1128 4029 6.
1140 3975 1184 4028 20.
1196 3973 1232 4030 39.
1242 3969 1281 4022 51·

242 4050 337 4112 Ottob.
350 4085 386 4101 —
402 4058 461 4126 me]
479 4073 533 4110 om.
550 4056 623 4110 Ven.
636 4055 663 4110 1.
676 4085 711 4098 -
729 4058 891 4128 rettulisse]
910 4060 950 4114 sic
962 4059 1013 4133 Lg.
1027 4059 1070 4116 51.
1084 4059 1127 4114 56.
1149 4056 1239 4114 0ttob.
1249 4083 1281 4094 -·

242 4142 391 4210 crumulo]
412 4144 547 4196 aeream
567 4139 618 4194 Gn.
639 4142 662 4201 l.
689 4142 757 4203 Par.
774 4143 812 4200 D.

313 4241 371 4303 tac.
407 4243 641 4314 enumeratione]
665 4247 872 4304 numeratione
897 4242 949 4317 bg.
973 4243 1017 4301 39.
1040 4271 1076 4290 ·-
1107 4239 1282 4318 Hyperiden]

1310 4475 1322 4752 l
