2674 4776
370 403 558 478 BRUTUS
588 405 679 477 GAP.
702 407 753 476 07.
994 410 1083 482 821

38 585 88 642 tna
110 575 171 642 irui
195 578 306 644 virtute
329 579 481 677 cupimus,
501 575 559 644 tibi
581 589 722 667 optemus
744 595 816 645 eam
834 573 1079 665 rempublicam

37 695 65 758 in
94 713 156 780 que
182 694 313 762 duorum
341 715 491 782 generum
522 693 794 786 amplissumorum
828 715 982 765 renovem
1013 717 1080 764 mc-

36 813 165 878 moriam
194 822 287 900 otque
313 833 430 898 augere
457 817 572 902 possis.
616 813 718 882 'l'uum
740 815 824 882 enim
845 814 963 894 ferun,
995 824 1080 882 tuum

36 939 99 995 enat
131 929 211 998 illud
241 929 445 998 cuniculum:
479 941 513 998 tu
544 931 621 999 illuc
647 952 783 1000 veneras
810 953 906 1012 nnus,
941 934 1081 1020 quinon

33 1046 171 1133 linguam
203 1049 298 1117 modo
335 1051 478 1116 acuisses
514 1051 737 1117 exercitatione
771 1051 917 1129 dicendi,
957 1050 1014 1119 sed
1049 1061 1081 1118 et
1149 1085 1154 1090 ·

34 1166 132 1253 ipsam
161 1167 373 1254 eloquentiam
399 1165 659 1254 locupletavisses
685 1169 864 1254 graviorum
892 1169 1003 1235 artium
1031 1171 1079 1236 inss

33 1293 203 1351 strumento
236 1293 268 1350 et
284 1284 418 1352 eisdem
452 1284 571 1352 artibus
603 1286 698 1354 decus
731 1305 822 1354 omne
853 1288 974 1354 virtutis
1010 1307 1078 1354 cum

34 1421 153 1468 summa
178 1401 375 1488 eloquentiae
402 1401 495 1468 lande
524 1404 692 1470 iunxisses.
734 1404 808 1469 332.
834 1401 882 1470 En
908 1414 939 1472 te
966 1404 1080 1493 duplex

35 1539 87 1586 nos
111 1519 210 1586 afficit
238 1518 431 1599 sollicitudo,
459 1520 542 1607 quod
563 1522 685 1609 etipse
707 1541 742 1590 re
763 1519 891 1609 publica
911 1541 1024 1590 careas
1047 1534 1079 1590 et

35 1637 86 1703 illa
106 1647 147 1703 te.
183 1635 234 1702 Tu
254 1646 375 1716 tamen,
398 1639 458 1704 etsi
476 1658 600 1705 cursum
624 1641 733 1725 ingeni
753 1641 812 1718 tui,
833 1638 945 1719 Brute,
966 1643 1078 1728 premit

36 1753 107 1823 haec
124 1757 302 1843 inportuna
317 1755 426 1822 clades
444 1758 597 1834 civitatis,
619 1759 743 1824 contine
760 1766 791 1822 te
805 1759 840 1822 in
853 1761 916 1822 tuis
932 1760 1079 1844 pereuni-

37 1872 87 1940 hus
108 1873 222 1940 studiis
245 1883 276 1939 et
297 1872 386 1940 effice
410 1873 461 1952 id,
483 1873 566 1960 quod
587 1875 651 1940 iam
669 1873 889 1961 propemodum
910 1873 961 1940 vel
985 1873 1078 1961 plano

38 1994 128 2078 potius
151 1991 323 2070 effeceras,
343 2001 376 2058 ut
395 2001 425 2058 te
449 1993 566 2079 eripias
590 2012 630 2058 ex
652 2011 707 2070 ea,
732 2010 826 2077 quam
847 2010 908 2074 ego
931 1993 1080 2076 congessi

38 2113 65 2174 in
87 2109 165 2178 hunc
199 2129 388 2188 sermonem,
416 2108 508 2176 turba
536 2119 746 2198 patronorum.
789 2128 849 2175 nec
877 2109 959 2174 enim
989 2107 1080 2174 decet

39 2237 63 2292 te
87 2239 231 2297 ornatum
256 2227 432 2295 uberrumis
458 2226 594 2306 adibus,
624 2246 704 2314 quas
735 2246 804 2294 cum
820 2226 924 2320 *domo
951 2225 1078 2294 haurire

39 2365 92 2412 uon
117 2365 248 2436 posses,
282 2347 478 2414 arcessivisti
510 2365 550 2412 en
581 2344 659 2412 urbe
692 2365 747 2426 ee,
781 2363 862 2432 quae
891 2344 1000 2412 domus
1030 2354 1078 2412 est

41 2484 149 2553 semper
170 2464 282 2532 habita
304 2463 481 2542 doctrinae,
510 2466 668 2531 numerari
698 2466 731 2530 in
751 2463 846 2550 vulgo
867 2473 1075 2550 patronorum.

42 2579 106 2648 Nam
128 2583 205 2671 quid
229 2592 260 2650 te
281 2585 420 2650 exercuit
437 2581 637 2663 Pammenes,
659 2584 708 2650 vir
728 2582 823 2669 longe
846 2581 1077 2671 eloquentissu-

43 2719 99 2767 nus
132 2701 316 2769 Graeciael
356 2701 429 2788 quid
465 2695 524 2768 illa
554 2709 644 2769 vetus
677 2701 853 2768 Academia
884 2711 975 2786 etque
1008 2703 1077 2765 eius

42 2815 121 2887 heres
139 2822 268 2888 Aristus
289 2817 405 2908 hospes
427 2829 458 2885 et
479 2818 647 2886 familiaris
669 2835 772 2891 meus,
795 2818 822 2880 si
842 2815 966 2898 quidem
989 2817 1076 2880 simi-

94 3037 138 3079 ³³¹.
163 3037 221 3080 loeo
233 3039 302 3094 esre]
316 3039 373 3082 laec
385 3048 421 3080 me
434 3047 494 3079 euru.

100 3207 210 3266 xcvii.
246 3207 305 3263 3³1.
340 3205 658 3276 vedentemJoolaatem
667 3200 809 3259 Lamb.-
823 3200 1076 3271 drammaltra-

44 3307 117 3348 uersu
133 3294 184 3368 Lg.
202 3293 229 3349 8.
247 3295 289 3350 51.
308 3295 350 3350 ot.
369 3291 409 3348 58.
427 3292 468 3348 70.
494 3290 544 3346 Gn.
566 3293 587 3348 Ι.
607 3321 640 3330 -
670 3290 779 3362 taapdt]
798 3291 883 3360 eapti
907 3304 943 3342 ex
962 3285 1077 3343 corradi

44 3379 188 3436 coniectura
203 3378 300 3436 Lamo.
318 3378 437 3435 Wetnel.
455 3406 491 3422 ν-
519 3375 592 3431 daec
612 3377 697 3445 moro]
721 3373 797 3430 duee
818 3391 866 3429 me
889 3390 962 3429 cura
983 3372 1075 3444 vulgo.

45 3460 91 3516 Sed
112 3483 158 3520 me
182 3483 234 3519 om.
254 3464 319 3521 Seh.
339 3462 446 3535 Meyer.
464 3462 613 3518 secundum
637 3461 690 3516 Gn,
710 3460 733 3516 l.
751 3461 777 3515 0.
802 3460 846 3514 ed.
866 3476 923 3530 pr.;
948 3457 1077 3512 addicunt

44 3543 401 3620 importumtatem„
423 3550 487 3604 item
507 3547 578 3602 Ven.
601 3543 659 3602 oo.
676 3577 712 3586 -
740 3543 1013 3618 amplissumorum]
1037 3543 1077 3598 sic

44 3627 119 3702 Led.
136 3637 178 3692 35.
197 3637 237 3690 51.
250 3633 292 3690 70.
318 3631 376 3690 oo.
392 3663 428 3674 —-
455 3633 508 3689 sed
524 3640 552 3688 et
570 3632 680 3704 ipram]
691 3618 753 3684 'sed
768 3637 802 3685 ot
818 3633 917 3704 ipsam
935 3627 985 3685 Gu.
999 3628 1024 3684 0.
1041 3661 1077 3670 -

45 3714 121 3773 leode
137 3721 296 3789 iotnmdsses]
315 3718 352 3773 de
368 3722 514 3774 minuisses
532 3735 554 3775 s.
574 3715 611 3770 de
629 3719 777 3771 tenuisses
796 3716 847 3772 Gu.
868 3717 908 3786 1.,
926 3733 989 3772 narn
1008 3715 1077 3772 llaec

45 3798 138 3858 divisim
154 3807 269 3877 scripta,
288 3814 317 3859 nt
334 3812 410 3872 suut,
430 3803 558 3875 distingui
575 3810 722 3873 nequeunt.

104 3905 161 3961 338.
192 3905 385 3982 perennibus]
405 3902 597 3979 peremnddus
619 3901 671 3976 [ις.
688 3902 715 3957 8.
735 3909 763 3956 ut
781 3901 841 3956 edd.
860 3902 992 3971 quaedam
1010 3907 1077 3954 vett.

43 3989 174 4054 ammons
187 3992 318 4050 001.»-
334 4009 388 4048 aec
397 3995 477 4048 enlm
486 3989 568 4045 decet
578 3989 619 4059 te]
632 4005 687 4046 aec
699 3994 728 4042 te
737 3989 815 4040 enim
825 3984 908 4038 decet
922 3983 987 4038 Par.
998 3981 1034 4036 D.
1043 4008 1077 4020 -

46 4070 210 4148 tlmomto]
236 4078 276 4132 sic
292 4076 343 4150 Ing.
361 4077 387 4134 8.
406 4078 448 4132 51.
474 4073 532 4132 oo.
557 4072 621 4131 Vat.
637 4099 672 4115 ··-
695 4071 796 4139 doum]
817 4067 901 4123 dmnt
920 4067 964 4122 ed.
983 4083 1027 4138 pn.
1043 4092 1078 4107 -

46 4170 109 4213 ”tm
122 4163 204 4233 outo]
221 4179 293 4218 ruam
310 4165 362 4234 put
377 4161 428 4235 hg.
445 4161 469 4217 8.
486 4160 529 4218 00.
547 4160 589 4216 51.
604 4158 645 4215 50.
662 4156 703 4212 58.
722 4155 763 4209 70.
791 4153 861 4210 Ven.
882 4155 905 4209 l.
933 4151 985 4209 Gu.
1007 4149 1029 4207 1.
1044 4179 1079 4191 -

47 4239 306 4318 eloquentissttmtu]
324 4248 363 4306 alc
379 4245 431 4319 Lg.
446 4248 487 4304 tl.
516 4241 574 4301 ou.

826 4341 866 4404 21
