2640 4780
221 431 320 506 m
615 427 875 499 CICERONIS

221 607 375 692 priuatim
391 609 424 667 et
443 597 539 667 civile
559 611 766 685 cognouerat:
787 619 966 687 quanquam
984 597 1046 666 bue
1067 598 1192 686 quiden
1212 598 1265 665 luit

222 727 316 788 etiam
344 723 378 786 in
400 719 475 785 aliie
497 729 528 786 et
548 721 672 804 maguis
693 719 819 806 quidem
840 717 1033 796 oratoribus,
1060 737 1141 805 quoa
1160 735 1264 804 parurn

221 839 272 906 bia
303 841 471 906 inmotos
503 837 623 904 unibus
654 837 806 916 uidimus,
840 847 873 903 ut
905 835 1097 924 Sulpicium,
1133 845 1167 901 ut
1200 836 1264 902 dn-

219 961 347 1025 toniurn.
390 953 447 1024 aed
469 959 500 1024 ei
521 967 626 1023 tamen
647 977 740 1022 uuum
762 955 841 1022 illud
860 955 1020 1023 babebaut
1043 955 1169 1021 dicendi
1191 973 1264 1041 opus

221 1073 431 1144 elaboratum:
459 1075 554 1163 idque
582 1095 652 1143 curn
677 1085 836 1142 constaret
862 1095 903 1141 ex
928 1077 1064 1162 quinque
1084 1074 1264 1140 uotissunio

220 1195 377 1283 partibus,
399 1213 492 1260 nemo
513 1197 546 1260 iu
568 1194 676 1280 aliqua
692 1205 782 1281 parte
804 1213 912 1259 earum
934 1197 1060 1261 omuino
1081 1191 1162 1257 nihil
1181 1201 1264 1278 pote-

220 1325 278 1380 rat.
312 1315 345 1379 in
365 1331 550 1400 quacunque
571 1315 655 1379 onim
675 1333 740 1378 una
756 1313 852 1402 plane
870 1311 1045 1390 clauderet,
1066 1319 1175 1378 orator
1195 1328 1263 1375 esee

219 1449 283 1498 uon
315 1441 432 1519 posset.
479 1430 553 1497 215.
587 1429 652 1497 Sed
683 1442 790 1498 tamen
823 1431 906 1498 aliua
939 1433 974 1497 in
1001 1430 1067 1496 alia
1094 1427 1263 1496 excellebat

219 1550 333 1633 magia.
384 1547 574 1636 Reperiebat
604 1549 679 1637 quid
711 1551 774 1616 diei
803 1567 880 1638 opus
913 1560 998 1616 esset
1028 1557 1060 1614 et
1085 1567 1148 1634 quo
1173 1545 1261 1612 nodo

218 1667 402 1754 praeparari
434 1677 465 1733 et
487 1687 549 1755 quo
573 1667 646 1735 loeo
673 1667 789 1748 locari,
821 1670 1034 1754 memoriaque
1061 1686 1102 1733 ea
1127 1682 1263 1752 eompre-

221 1782 379 1852 bendebat
405 1785 576 1853 Antonius:
610 1783 787 1854 excellebal
814 1799 918 1854 auteur
945 1789 1085 1864 aetioae;
1116 1791 1262 1884 eramque
1308 1853 1309 1890 ἦ

220 1900 253 1968 ei
285 1903 441 1990 quaedam
472 1925 512 1972 ex
542 1903 593 1972 bie
624 1907 716 1994 paria
746 1921 815 1974 cunr
842 1903 962 1972 Graaso
990 1904 1142 1992 quaedam
1168 1902 1264 1966 etiarn

219 2024 393 2109 superiora.
435 2024 480 2090 At
501 2021 613 2092 craesi
642 2028 747 2110 nme
772 2023 912 2092 enitebat
943 2025 1055 2091 oratio.
1096 2019 1163 2087 Nee
1187 2038 1263 2098 uero

219 2135 362 2228 Sulpicio
391 2161 493 2228 neque
521 2141 632 2210 Cottae
661 2143 767 2210 dicere
795 2159 963 2231 possumus
992 2157 1093 2228 neque
1122 2140 1262 2224 cuiquam

177 2313 184 2332 .
218 2255 302 2326 bouo
329 2261 449 2326 oratori
478 2277 544 2327 rein
572 2261 670 2328 ullam
698 2279 737 2328 ex
762 2257 828 2328 illie
854 2263 989 2350 quinque
1010 2259 1152 2348 partibus
1171 2257 1260 2345 plane

218 2386 311 2461 atqua
343 2379 467 2444 omniuo
495 2379 645 2447 deluisee.
687 2381 761 2446 216.
789 2379 896 2466 ltaque
918 2382 951 2445 iu
972 2375 1108 2445 Curione
1129 2377 1190 2443 boe
1210 2393 1261 2441 ue-

218 2496 353 2560 rissume
385 2495 520 2562 iudicari
554 2508 672 2585 potest,
701 2497 791 2564 nulla
820 2517 855 2564 re
886 2517 951 2564 una
977 2499 1080 2582 magis
1109 2504 1260 2562 oratorem
1307 2487 1308 2514 ¹

217 2612 442 2693 commendari,
471 2634 564 2701 quern
592 2615 757 2683 uerborum
786 2614 953 2704 splendore
982 2625 1014 2681 et
1039 2615 1142 2702 copia
1190 2630 1259 2678 nan

217 2749 287 2798 curn
307 2731 416 2798 turdus
437 2733 472 2798 in
488 2733 657 2818 cogitando
677 2743 741 2802 tum
757 2735 791 2801 in
805 2733 988 2814 instruendo
1005 2733 1177 2822 dissipatus
1195 2731 1258 2797 iuit

277 2947 324 2993 ult.
350 2945 475 3008 clauderes]
490 2949 634 2996 cuneumve

214 3131 266 3190 pro
284 3114 318 3174 td
330 3121 468 3192 petolan,
487 3122 552 3192 qula
568 3117 619 3180 lete
631 3131 673 3179 est
689 3125 718 3179 in
731 3119 784 3198 Lg.
797 3118 923 3182 omnibns
941 3131 970 3179 et
985 3119 1054 3178 ven.
1065 3119 1104 3188 1.;
1122 3113 1150 3174 in
1165 3115 1207 3174 bd.
1219 3113 1258 3171 56.

214 3214 365 3260 correnum
390 3215 432 3261 est
455 3205 520 3264 ltoe.
542 3237 579 3249 —
604 3209 728 3284 param]
752 3207 872 3283 quidem
892 3222 1003 3284 punem
1027 3202 1079 3280 lup.
1102 3203 1147 3260 u).
1168 3231 1202 3244 -
1234 3197 1260 3254 el

214 3289 327 3359 tamen]
344 3285 376 3345 'et
391 3289 456 3345 dedi
473 3305 507 3345 ex
524 3289 575 3366 ug.
595 3305 707 3365 praeter
721 3297 765 3352 20.
782 3295 826 3352 dd.
843 3291 899 3366 ill,
915 3297 979 3352 item
998 3293 1051 3350 Gn.
1068 3293 1092 3348 1.
1129 3285 1257 3361 meyerus

213 3377 244 3430 el
264 3377 292 3430 in
310 3375 502 3445 annotatione,
527 3379 554 3433 a
573 3381 601 3434 in
620 3381 713 3436 verbio
734 3382 884 3454 scriptoria.
901 3411 937 3422 -
963 3374 1130 3446 clauderet]
1151 3371 1257 3432 claudi·

215 3469 297 3517 earet
315 3461 360 3517 ed.
378 3477 419 3533 pr.
440 3470 469 3517 et
484 3463 583 3536 valgo;
608 3465 703 3522 lectiae
720 3465 788 3522 illud
805 3467 959 3538 praebuere
976 3465 1043 3520 Par.
1060 3459 1097 3518 D.
1126 3459 1179 3515 (lu
1196 3459 1220 3514 1.
1234 3455 1256 3512 i.

213 3535 265 3616 Lp.
277 3545 303 3601 8.
315 3547 356 3602 51.
370 3549 428 3616 uu,
446 3547 474 3604 ln
487 3549 513 3604 8.
528 3549 569 3606 70.
588 3565 647 3606 cum
660 3565 730 3606 eurr.
745 3549 946 3618 claudicaret,
963 3548 1027 3607 item
1041 3543 1114 3602 Veii.
1125 3543 1149 3602 l·
1170 3541 1257 3601 0ii⁰b

215 3625 255 3696 (ln
272 3645 356 3703 marg.
375 3630 593 3702 claudicaret)‚‘
612 3635 770 3693 clauderet
785 3637 827 3694 ³9.
864 3637 1052 3693 clauderetur
1069 3633 1112 3689 58.

283 3729 343 3784 215.
379 3734 559 3805 reperiebat]
586 3738 808 3812 reperiebatque
835 3741 878 3795 ed.
897 3757 938 3812 pr.
957 3768 992 3780 -
1022 3731 1256 3810 quomod01di·
1305 3769 1306 3802 t

212 3813 293 3870 vlelm
312 3813 361 3886 Lg.
379 3817 405 3872 8.
423 3817 465 3874 56.
493 3817 551 3876 Oti.
570 3849 605 3863 -—
625 3826 822 3898 praeparant]
847 3827 927 3881 eodd.
948 3841 1043 3880 ornnea
1055 3835 1257 3897 praepararet

214 3899 487 3982 eorrenittlbrneetus.
502 3933 538 3950 κ·
560 3911 712 3982 maneque]
730 3917 817 3966 eraut
835 3911 887 3967 (lu.
901 3910 924 3967 1.
942 3911 1007 3967 Par.
1019 3909 1101 3964 Dr*
1120 3902 1256 3968 metebel

211 3985 341 4052 attelae,
354 3987 441 4044 ruinae
451 3999 543 4064 aptum
556 3993 622 4048 illud
631 3998 844 4066 comparationi,
862 3997 906 4052 ed.
916 4011 958 4068 pr.
974 3995 1025 4050 Gn.
1037 3997 1059 4050 l.
1080 3990 1141 4049 ott.
1158 3987 1256 4045 vanu

212 4063 264 4143 Lg.
290 4089 386 4128 omnen
405 4087 517 4146 praeter
534 4079 575 4134 35.
591 4105 628 4120 -··
652 4095 717 4135 rent
733 4082 842 4153 ullam]
868 4095 933 4138 rem
957 4077 1062 4137 delevit
1078 4077 1180 4132 Lanu
1201 4084 1256 4147 μθ·

211 4153 290 4212 botua
307 4157 448 4215 Wetnelio
465 4163 590 4234 aliisque.

280 4257 342 4316 illi.
376 4262 482 4320 tardae
506 4263 539 4322 la
564 4266 738 4341 wpitaudo]
761 4271 795 4328 ta
817 4269 1006 4346 captandae
1027 4266 1150 4326 Pani).
1169 4293 1204 4308 -
1228 4263 1254 4318 la
