2640 4780
340 353 536 484 BRll'l'US
565 417 656 487 GAP.
678 415 730 485 46.
753 415 806 486 47.
999 421 1096 492 988

69 589 148 648 rotun
196 579 327 651 Omnino
360 587 424 664 sic,
454 594 488 652 ut
520 589 644 676 opinor,
675 589 709 653 in
739 589 856 653 nostris
889 595 937 654 est
969 589 1096 674 qnidam

69 701 251 780 urbanorum,
289 705 369 770 sicut
403 704 471 770 illic
502 705 676 773 Atticorum
714 725 820 773 sonus.
875 703 941 772 Sed
973 705 1096 774 domun

68 818 230 899 redeamus,
252 821 284 888 id
306 831 355 888 est
377 822 417 888 ad
439 833 564 890 nostros
588 836 788 894 revertamur.

137 935 258 1003 XLVII.
292 940 363 1006 173.
394 939 522 1008 Duobus
548 945 644 1026 igitur
669 945 796 1008 snrnnris
825 941 943 1008 Crasso
970 951 1001 1008 et
1028 941 1095 1008 An-

66 1056 138 1121 tonio
158 1053 194 1122 L.
215 1055 374 1145 Philippus
396 1077 561 1146 proxumus
586 1061 773 1139 accedebat,
803 1061 860 1126 red
881 1060 977 1144 longo
1000 1062 1096 1126 inter-

65 1173 138 1240 uallo
167 1185 270 1242 tannen
302 1197 479 1264 proxumus.
528 1181 634 1266 itaque
665 1169 752 1258 cunr,
787 1181 847 1245 etsi
876 1183 980 1246 nemo*
999 1180 1095 1244 inter·

67 1293 195 1374 cedebat,
225 1297 278 1382 qui
306 1315 341 1362 se
370 1296 418 1361 illi
446 1297 630 1377 anteferret,
663 1317 764 1386 neque
793 1297 962 1372 secundum
990 1307 1095 1362 tanen

64 1431 149 1497 neque
173 1416 296 1480 tertium
318 1415 458 1481 dixerint.
502 1413 568 1482 Neo
591 1418 673 1482 enirn
703 1419 736 1484 in
758 1417 920 1504 quadrigis
945 1435 1015 1482 eurn
1042 1433 1095 1482 sc-

64 1530 180 1596 cundun
207 1536 436 1600 numeraverim
464 1544 517 1602 aut
542 1527 763 1623 tertiurn,qui
789 1531 841 1604 'uin
868 1555 885 1602 e
913 1533 1095 1602 carceribus

61 1650 171 1728 exierit,
199 1671 270 1718 curn
297 1651 432 1738 palmam
455 1656 518 1720 iam
543 1657 660 1741 primus
682 1657 856 1742 acceperit;
884 1673 943 1720 nec
967 1655 1000 1718 in
1022 1671 1095 1720 ora-

59 1766 178 1848 toribus,
203 1773 260 1855 qui
280 1779 397 1836 tantum
420 1770 502 1838 absit
526 1792 546 1838 a
566 1775 682 1859 primo,
708 1775 761 1839 vin
782 1783 815 1838 ut
836 1775 868 1837 in
890 1771 1001 1838 eodern
1024 1789 1095 1836 cur-

59 1885 146 1952 riculo
173 1907 249 1954 esse
275 1887 427 1954 videatur.
471 1888 537 1956 Sed
567 1899 671 1957 tannen
698 1901 788 1957 erant
815 1910 855 1956 ea
882 1892 915 1955 in
941 1887 1093 1974 Philippo,

58 2025 127 2090 quae
145 2013 196 2093 qui
217 2009 284 2072 sine
301 2010 534 2094 comparatione
550 2008 675 2074 illorum
692 2017 861 2095 spectaret,
883 2010 961 2072 satis
977 2025 1094 2090 magna

59 2122 178 2190 diceret:
202 2145 325 2191 suranna
341 2125 472 2192 libertas
489 2128 522 2190 in
539 2128 696 2203 oratione,
712 2125 827 2190 multae
844 2124 997 2202 facetiae,
1016 2124 1094 2190 satis

58 2242 157 2310 creber
182 2246 218 2308 in
242 2244 454 2330 reperiendis,
483 2244 602 2312 solutus
630 2247 663 2310 in
692 2243 887 2331 explicandis
916 2243 1094 2320 sententiis3

57 2371 116 2426 erat
131 2366 227 2428 etiam
244 2364 415 2449 inprimis,
432 2371 464 2428 ut
480 2351 671 2450 temporibus
687 2363 770 2453 illis,
794 2361 927 2428 Graecis
944 2361 1094 2428 doctrinis

56 2479 219 2558 institutus,
247 2482 281 2544 in
304 2481 485 2547 altercando
514 2502 583 2547 curn
605 2482 711 2568 aliquo
735 2481 847 2548 acideo
876 2491 907 2547 et
927 2480 1094 2547 maledicto

55 2596 177 2665 locotus.
223 2597 295 2664 174.
325 2597 442 2665 Horum
470 2603 566 2666 aetati
590 2621 685 2688 prope
710 2603 892 2667 coniunctus
913 2597 950 2665 L.
972 2597 1095 2666 Gellius

54 2733 110 2781 non
134 2725 201 2782 tam
227 2715 396 2782 vendibilis
425 2727 547 2796 orator,
577 2722 700 2804 [quam]
729 2728 762 2784 ut
788 2721 931 2784 nescires
961 2717 1035 2803 quid
1064 2716 1095 2781 ei

54 2833 184 2902 deesset.
226 2853 286 2899 nec
315 2837 398 2899 eninr
426 2845 494 2900 erat
515 2835 657 2900 indoctus
686 2836 876 2900 nectardus
904 2833 946 2898 ad
967 2835 1095 2916 excogi-

110 3019 158 3062 tto.
187 3015 277 3070 [quoru]
291 3015 327 3069 ot]
342 3018 391 3057 sine
405 3016 477 3057 uncle.

50 3133 103 3193 oo.
121 3164 160 3180 «-
188 3134 364 3213 loqueretur.
403 3131 530 3188 0111111110
548 3135 603 3202 etc]
622 3134 675 3202 sic,
692 3140 722 3188 ut
737 3133 850 3188 volebat
866 3133 976 3199 Rivius,
998 3134 1049 3205 Lg.
1067 3134 1093 3190 8.

50 3221 86 3278 69.
102 3221 145 3275 51.
161 3219 203 3274 56.
215 3219 257 3273 58.
283 3219 353 3274 Ven.
368 3221 391 3274 l.
412 3217 469 3276 011.
507 3219 676 3289 loqueretur
693 3223 835 3274 omnium.
872 3217 927 3274 Sic
944 3225 978 3272 oct
996 3219 1039 3273 ed.
1052 3236 1094 3289 pr.

49 3305 95 3378 Lg.
115 3313 181 3359 cett.
205 3304 267 3359 vat.
305 3302 395 3358 rident
414 3321 465 3375 pro
485 3311 529 3360 etc
545 3313 578 3361 ot
598 3305 648 3378 bg.
667 3314 780 3376 praeter
799 3305 841 3359 20.
860 3304 902 3360 35.
920 3305 962 3360 53.
981 3305 1023 3359 68.
1041 3304 1094 3370 76,

49 3393 110 3445 item
128 3391 200 3444 Ven.
219 3391 296 3444 1.—
323 3389 397 3458 illic]
417 3390 477 3466 illic
495 3391 560 3445 Par.
577 3391 613 3446 D.
629 3403 632 3416 ¹
650 3391 698 3446 ille
716 3390 766 3462 Lg.
784 3391 826 3445 76.
848 3391 889 3446 51.
908 3389 949 3444 56.
987 3393 1017 3443 tn
1035 3390 1095 3444 stlte

50 3477 167 3532 8111-
190 3479 389 3544 revertamur]
407 3483 593 3531 recordamur
609 3474 667 3533 Ott.
697 3477 792 3550 Verba
811 3476 843 3529 sd
861 3483 905 3529 est
922 3475 1095 3528 adnostros

50 3569 235 3615 reuertamur
259 3562 415 3630 interpretis
438 3579 546 3614 mannen
568 3563 691 3631 pluribus
713 3561 842 3613 redolere
864 3561 926 3613 viso
947 3568 1024 3625 stent,
1047 3559 1097 3613 sed

51 3662 99 3699 nec
117 3653 179 3700 sunt
196 3663 416 3714 supervacanea,
435 3654 465 3700 ut
478 3647 643 3699 Rohnkenio
661 3646 749 3698 visum
763 3645 810 3713 (ad
823 3645 893 3699 Vell.
905 3643 937 3698 ll.
954 3644 1025 3712 23),
1045 3661 1096 3698 nec

51 3732 88 3782 sic
100 3731 292 3801 intelligenda,
308 3740 337 3784 ut
349 3732 432 3801 vulgo
446 3729 490 3795 lit;
509 3747 564 3784 non
577 3727 731 3802 significant
747 3731 817 3784 enirn
831 3729 953 3784 Athenis
965 3731 1096 3784 Romam

50 3817 219 3879 redeamus,
247 3815 298 3868 sed
320 3835 337 3870 a
359 3815 440 3869 sociis
463 3825 491 3869 et
508 3815 609 3869 Latino
627 3813 736 3869 nomine
758 3815 794 3868 ad
812 3815 950 3872 Romanos
970 3825 1096 3870 oratores

51 3910 229 3954 revertamur.
266 3901 419 3970 Utrumque
437 3901 518 3953 docte
537 3902 663 3969 exposuit
680 3900 855 3970 Bernhardy.
984 3929 989 3938 ·

116 3983 228 4040 XLVll.
266 3985 324 4041 173.
356 3987 536 4058 prosumus]
562 3986 601 4038 sic
621 3983 672 4056 Lg.
691 3985 716 4039 8.
740 3985 782 4038 39.
807 3985 848 4038 51.
868 3984 909 4037 53,
933 3983 976 4038 58.
999 3983 1041 4036 68.
1069 3992 1096 4036 et

52 4085 114 4123 rnox
132 4070 221 4124 eidem
240 4079 268 4123 et
284 4070 326 4126 35.
344 4071 385 4125 76.
411 4075 563 4124 mactmus
582 4069 723 4126 (1111.-
748 4069 909 4140 acceperit]
931 4071 1096 4138 accepisset

52 4154 93 4209 ed.
111 4171 153 4226 pr.
172 4184 207 4194 —-
232 4159 264 4210 itt
278 4157 399 4226 primis]
417 4155 456 4209 sic
473 4155 580 4209 divisim‘
598 4156 677 4210 codd.
695 4162 807 4225 praeter
824 4151 874 4222 Lg.
893 4151 935 4203 53.
952 4151 995 4204 58.

51 4243 52 4250 ’
121 4239 178 4293 174.
213 4255 274 4296 ooo
292 4248 356 4297 tom
372 4240 539 4310 vendibilis]
565 4239 697 4314 Meyerus
715 4239 851 4311 explicat:
872 4253 932 4292 non
950 4241 1015 4290 tam
1034 4239 1100 4290 cart-¹
