2660 4776
192 429 341 502 BRliVlS
362 429 660 514 ELOQUENTIAE
682 429 786 500 ROM.
808 429 916 500 lttst.
1031 435 1081 506 11

53 613 220 683 uatus-cun
236 605 282 671 Μ.
296 605 439 669 Aemilius
457 605 587 670 Scaurus
609 621 699 668 senen
721 609 844 668 exactae
866 605 972 668 aetatis
988 605 1080 687 paulo

53 716 109 770 ante
127 712 254 771 nonnus
276 714 366 784 esset,
388 707 423 770 t..
440 706 591 772 Valerium
605 705 745 770 Flaccum
763 703 923 768 Marianae
943 705 1081 770 factionis

52 808 179 869 lenirem
205 825 317 868 summa
347 807 461 888 ingenii
488 807 609 872 leuitate
636 807 782 886 insignem
808 805 884 885 legit
905 801 969 886 (θ’).
1020 805 1082 871 Sed

53 925 105 970 cun
124 907 206 971 Sulla
228 907 402 971 conciliatus
423 915 453 970 et
474 907 581 970 ditatus
601 908 835 988 proscriptorum
854 905 955 982 honis,
983 913 1016 969 ut
1035 908 1079 971 ni-

53 1007 134 1084 detur,
156 1010 294 1090 coemptis
314 1017 382 1091 post
398 1009 480 1072 illius
501 1015 623 1070 mortem
643 1008 674 1069 in
694 1006 819 1069 tumultu
832 1007 997 1070 Aemiliano
1017 1005 1080 1070 lor·

52 1115 97 1170 terr
121 1117 148 1170 et
173 1115 352 1172 constantem
380 1109 473 1174 ciuem
501 1107 579 1187 egit,
606 1115 639 1172 ut
664 1107 758 1188 ipsius
784 1107 910 1169 maxime
937 1107 1081 1171 sententia

54 1209 80 1284 Q.
105 1207 202 1272 tetulo
234 1217 367 1291 potestas
397 1209 555 1272 dictatoria
583 1206 718 1283 daretur,
744 1225 765 1269 a
791 1223 850 1289 qno
877 1205 922 1270 Μ.
949 1203 1080 1288 Lepidus

52 1307 125 1369 ltalia
141 1309 241 1390 pudens
269 1311 302 1372 in
324 1309 423 1372 insula
444 1307 585 1374 Sardinia
603 1309 692 1390 periit
710 1304 775 1388 (⁷⁰).
819 1307 894 1371 lliuc
918 1305 949 1368 in
970 1311 1080 1388 septem

52 1411 163 1487 mannis
192 1418 363 1474 numeratus
391 1429 411 1473 a
438 1411 473 1474 P.
494 1409 584 1474 Rullo
613 1409 731 1474 uihuno
759 1408 890 1483 uidetur,
923 1426 943 1470 a
972 1407 1079 1490 quidm

53 1508 175 1572 Sdlannc
200 1511 342 1575 laedonis
363 1511 545 1594 principibus
572 1509 605 1573 id
625 1511 765 1592 temporis
786 1527 836 1574 res
856 1507 978 1592 publica
997 1515 1079 1572 tene-

32 1640 35 1647 ·
54 1617 119 1672 retur
137 1607 198 1692 (²¹).

119 1709 250 1776 Mon-ilaus
269 1711 423 1794 Philippus
443 1710 522 1774 laud
537 1709 711 1774 iniucundus
725 1711 798 1788 fnit,
819 1707 872 1774 sed
888 1707 928 1772 ad
942 1708 1088 1798 luxuriae,

52 1809 174 1876 insaniam
199 1814 389 1896 propensior.
431 1812 581 1892 lugentem
609 1813 685 1874 enirn
705 1813 860 1893 pecuniam
892 1815 923 1876 in
949 1813 1079 1896 piscinas
1179 1843 1190 1854 ·

52 1908 185 1992 inpendit,
215 1931 335 1990 eorum,
365 1930 439 1994 puos
464 1913 641 1994 piscinarios
669 1913 802 1994 appellat
830 1913 953 1989 Giccro,
982 1919 1080 1976 aetate

52 2011 160 2088 prinus,
186 2021 218 2078 ut
244 2014 283 2092 Q.
303 2013 462 2077 Hortensio
490 2020 519 2076 et
544 2013 580 2075 L.
600 2012 728 2074 Lucullo
755 2013 834 2076 uiam
862 2013 995 2094 exemplo
1025 2031 1079 2076 suo

53 2120 211 2178 numuasse
229 2114 368 2182 uideatur
384 2108 448 2193 (Π).
493 2111 662 2176 oratorian
685 2111 748 2172 eius
767 2113 992 2192 praestantiam,
1021 2131 1081 2193 qua

53 2209 146 2276 druso
169 2223 198 2278 et
217 2216 348 2280 Antonio
374 2213 526 2296 proximus
555 2211 685 2294 quidem,
715 2210 768 2275 sed
793 2230 901 2290 magno
922 2212 1080 2276 interuallo

52 2313 181 2388 proximus
199 2317 370 2392 uidebatur,
396 2311 501 2378 Cicero
522 2313 565 2376 ita
585 2311 710 2389 iudicat,
735 2320 768 2375 ut
786 2319 922 2376 naturam
942 2313 1081 2378 hahuisse

53 2411 194 2482 credendus
223 2421 264 2481 sit
292 2415 510 2480 addicendum
541 2403 701 2496 inprimis
727 2413 880 2490 idoneam,
915 2412 969 2476 sed
997 2413 1081 2476 nulla

53 2509 187 2593 diluenda
208 2519 327 2584 cultam.
361 2517 477 2582 Sollers
499 2521 564 2577 erut
580 2515 763 2590 inventione,
784 2514 950 2578 elocutione
970 2513 1080 2591 facilis,

52 2615 132 2678 cerlis
155 2619 269 2683 facetus
298 2626 327 2682 et
352 2619 383 2681 in
406 2613 578 2680 altercando
605 2631 676 2677 acer
703 2631 739 2678 ac
759 2614 930 2679 maledicus.
972 2615 1080 2680 Verum

53 2711 191 2782 tidraecis
207 2721 336 2798 artibus,
347 2706 690 2799 'uttenrporalerelrant
708 2715 839 2780 eruditus
850 2721 929 2792 erat,
945 2715 1081 2780 doctrina

52 2813 149 2881 minine
180 2821 341 2902 diligenter
371 2837 442 2882 usus
475 2823 529 2879 est.
571 2815 654 2878 Adeo
686 2817 763 2878 enim
796 2834 856 2878 uon
886 2823 1009 2896 paratus
1041 2814 1080 2878 ad

53 2909 185 2984 licendum
211 2921 458 3002 aggrediebatur,
487 2924 520 2980 ut
540 2914 620 2997 qnod
642 2915 767 2996 primum
786 2915 907 2980 verbum
925 2915 1079 2978 habiturus

53 3024 114 3078 sset
132 3023 268 3086 nesciret.
309 3021 384 3085 ilinc
404 3021 436 3083 in
457 3016 609 3080 senatoria
629 3015 774 3076 sententia
795 3013 949 3078 mediocris
968 3021 1080 3090 orator,

53 3121 176 3190 patronus
208 3139 266 3186 uon
296 3122 437 3202 optimus,
468 3115 645 3180 turbulentis
675 3115 858 3179 contionibus
890 3115 962 3176 satis
994 3121 1079 3196 aptus

53 3209 95 3277 tuit
109 3215 173 3300 (⁷³).
215 3223 380 3286 Parcarum
400 3221 463 3282 eius
484 3218 642 3285 dictionum
662 3217 836 3280 mentionem
853 3215 919 3279 deri
938 3214 1081 3292 uidemus,

53 3327 95 3376 nec
108 3319 169 3384 ulla
185 3321 364 3398 orationum,
381 3335 446 3382 cunr
460 3317 535 3384 nihil
550 3317 715 3401 scripserit,
734 3317 937 3399 apostoritate
952 3321 1081 3382 tractata

53 3464 244 3490 Q*-

109 3563 150 3633 ts)
177 3567 269 3640 lpsuru
285 3565 442 3639 Philippum
462 3573 525 3637 post
542 3565 669 3622 Flaccum
689 3565 773 3618 tunso
796 3563 946 3634 principem
968 3567 1081 3616 senatus

53 3653 99 3698 ¹¹⁰ss
118 3653 263 3718 persuadet
279 3651 428 3717 Brosslus3
450 3650 577 3706 llaccum
594 3649 666 3704 enim
682 3655 791 3702 secutus
808 3645 845 3706 Q.
863 3645 975 3701 Catulus
993 3644 1028 3704 Q.
1048 3641 1080 3700 F.

54 3721 103 3791 p..
124 3733 209 3791 annuc
231 3737 362 3808 rurreppo
384 3735 505 3792 vivente.
592 3733 637 3801 ro)
659 3732 728 3790 saun
745 3730 815 3788 mut.
838 3729 860 3788 1.
883 3730 925 3785 nr.
957 3727 1081 3785 flavere.

53 3820 74 3872 l·
87 3808 140 3870 945.
152 3818 225 3877 cort.
315 3820 360 3887 71)
378 3819 436 3875 cte.
448 3819 520 3876 llull.
534 3817 583 3874 lll.
602 3819 625 3873 1.
648 3815 737 3874 Erant
753 3815 795 3870 lui:
813 3815 849 3874 o.
860 3815 991 3870 Metellus
1005 3812 1081 3880 Plus,

53 3887 193 3959 teani..
211 3905 290 3964 or.
322 3903 353 3961 c.
367 3903 452 3959 curro
477 3902 604 3958 ccoua
630 3899 663 3958 1..
677 3899 808 3956 menum
832 3897 864 3952 n.
877 3898 1020 3968 nuuurppu
1045 3895 1079 3951 r.

54 3971 170 4040 Servilius
183 3989 323 4045 hanricus.
410 3988 456 4056 tt)
473 3983 705 4042 Pun.fl.1t:tx.
718 3985 760 4040 54.
785 3981 938 4036 Columella
951 3971 1027 4032 vlit.
1041 3979 1080 4032 lli

54 4051 165 4124 Marco.
181 4073 240 4128 stu.
258 4071 294 4129 ιι.
318 4090 346 4144 p.
364 4071 425 4131 cao.
444 4073 474 4128 z.
500 4070 548 4126 uon
569 4070 611 4126 uu
635 4071 735 4126 venroso
752 4063 867 4122 numu
892 4081 943 4136 pro
961 4060 1084 4119 meeum

54 4150 150 4206 nomina
169 4157 277 4229 legitur.
364 4156 411 4228 tt)
436 4158 493 4215 dle.
510 4153 590 4216 Brut.
609 4157 659 4226 tt,
680 4153 737 4212 173.
769 4150 817 4218 5⁰,
838 4149 896 4208 teo.
925 4147 962 4206 de
978 4142 1028 4204 Or.
1047 4143 1079 4200 ll.
1138 4227 1147 4237 .

54 4223 94 4323 tt,
109 4231 164 4296 arc.
191 4240 235 4304 ιιι,
255 4244 285 4311 ι,
302 4241 327 4322 ι,
