2646 4772
214 361 276 430 Ab
300 361 616 432 616666666
639 363 730 432 GAP.
750 367 803 434 21.
824 367 876 434 22.
980 363 1068 443 861

44 533 107 596 enim
132 549 205 615 quse
232 541 368 599 oratores
390 534 544 600 eliciendo
570 537 628 598 sibi
653 545 886 620 proposuerunt;
913 539 994 605 reiut
1016 541 1070 604 ulii

42 631 74 694 ad
97 633 310 716 persuasionem
337 637 432 699 solam
460 654 526 700 sese
551 638 709 715 16666661,
737 646 769 700 ot
796 638 905 704 Caluus
930 639 1068 718 16616661,

42 734 86 796 alii
98 736 241 800 mouendis
258 735 440 801 auditoribus
462 739 565 802 intenti
582 747 662 816 suut,
684 747 716 802 ut
730 738 851 816 Cicero;
873 741 927 804 alii
943 743 1069 806 teuniter

40 835 181 918 pleraque,
213 837 267 900 alii
295 839 373 901 elate
400 839 491 902 mults
519 823 632 916 dicuut;
665 841 720 904 alii
744 841 902 905 uerborum
929 861 1069 906 summam

40 953 139 1012 curam,
159 947 191 1001 ut
213 938 353 1016 Crassus,
376 942 430 1004 alii
449 942 561 1004 nullam
583 949 704 1022 gerunt,
725 949 758 1004 nt
775 943 928 1006 Antonius.

109 1041 202 1104 XXII.
246 1041 297 1105 66.
341 1043 490 1121 6666666]
524 1042 703 1106 causella
734 1043 877 1108 dictatore
907 1045 939 1108 in
966 1043 1068 1126 Asiam

37 1140 170 1220 profectus
191 1150 271 1206 esset
290 1161 318 1204 a.
336 1144 414 1221 676,
436 1143 544 1208 linium
565 1144 708 1224 Smyrnae
729 1146 864 1209 conuenit
885 1145 1068 1210 exsulantem

35 1240 70 1302 ibi
88 1244 122 1304 ab
143 1261 220 1306 anuo
242 1245 315 1306 662.

107 1349 136 1404 tc
151 1346 228 1405 6166
243 1345 317 1423 Silo]
341 1345 721 1427 61666666616616666161
738 1352 868 1410 exbemc
883 1365 969 1429 pars,
991 1363 1068 1428 quae

33 1442 152 1509 Bruttios
176 1462 345 1528 peragrans
374 1444 413 1508 ed
433 1445 540 1510 fretum
561 1445 693 1510 Siculum
715 1444 821 1510 deicit.
864 1447 980 1512 Nobilis
1003 1455 1069 1512 erut

33 1555 142 1627 propter
168 1547 262 1611 silvas
287 1548 406 1628 pinnum
435 1555 464 1610 et
487 1548 630 1624 abietum3
660 1547 737 1612 nude
759 1565 796 1610 ex
816 1553 934 1628 6166666
956 1548 1068 1612 reditus

31 1649 119 1727 negm
134 1649 165 1710 in
182 1649 332 1711 aerarium
346 1647 572 1727 redigebantur:
589 1668 616 1713 r.
634 1648 721 1712 Dion.
738 1647 806 1711 llcl.
824 1650 931 1730 lregrn.
943 1651 1069 1714 Maioma

31 1746 90 1811 XX.
107 1750 136 1813 5.
157 1749 237 1814 Plio.
248 1749 285 1812 ll.
296 1748 332 1812 N.
347 1749 426 1814 XVI.
443 1752 492 1812 ll.
536 1748 702 1812 sedetiam
725 1765 834 1828 greges
855 1751 886 1811 iu
906 1751 968 1812 illis
984 1751 1066 1814 siluis

29 1851 232 1930 pascebantur,
261 1858 294 1912 nt
317 1868 373 1928 per
393 1857 484 1913 totam
505 1849 622 1912 ltelianr
647 1867 709 1912 mos
733 1856 810 1924 erat,
837 1868 924 1930 quam
946 1851 984 1913 ob
1005 1868 1067 1914 rem

28 1957 182 2027 6666666,
203 1959 235 2014 ut
248 1949 381 2014 Corrado
400 1951 491 2014 scribi
502 1951 653 2044 placebat,
669 1950 849 2012 Bruttiorum
862 1959 1068 2016 commemorat

28 2049 114 2116 Varro
128 2053 165 2117 R.
179 2053 218 2118 lt.
237 2052 274 2124 ll.
295 2055 322 2114 l.

102 2155 154 2218 87.
200 2157 283 2232 qccsi
294 2150 563 2229 comperendinatus]
580 2149 657 2213 diem
668 2150 981 2231 comperendinationis
991 2150 1068 2212 inter

24 2255 142 2334 primam
163 2263 193 2318 et
215 2254 339 2316 alteram
360 2253 504 2314 actionem
521 2251 646 2314 medinm
665 2251 758 2314 luisse
771 2251 913 2314 Ernestns
934 2252 1067 2334 putabat.

22 2355 145 2430 „Vetere
171 2355 346 2436 republica
370 2355 487 2416 tametsi
510 2361 645 2435 tempora
668 2353 841 2416 dilationum
865 2360 949 2416 erant
969 2353 1068 2416 libera

22 2465 195 2540 poteratque
213 2456 304 2519 iudex
318 2456 387 2534 lege
405 2473 460 2518 suo
477 2454 762 2536 comperendinatum
778 2453 907 2518 adimere
923 2453 964 2532 (r.
981 2453 1066 2519 Verr.

21 2557 84 2620 dec.
113 2559 138 2622 Ι.
169 2561 207 2633 9,
235 2557 320 2636 26),
348 2557 461 2619 duabus
489 2557 653 2620 actionibus
682 2563 714 2620 ut
743 2575 835 2619 censa
860 2555 1066 2638 perficeretur:

20 2665 127 2735 tamen,
153 2660 182 2722 si
198 2676 289 2722 cause
305 2656 625 2739 comperendinaretur,
644 2658 707 2720 dies
724 2657 850 2720 debebat
866 2677 925 2720 uns
942 2665 970 2720 et
986 2666 1068 2720 certa

19 2759 141 2824 definiri.
188 2757 291 2840 ltaque
311 2776 366 2820 neo
387 2756 423 2818 de
445 2757 557 2820 dicrum
580 2776 700 2820 numero
723 2758 899 2820 dubitationi
918 2758 1002 2819 locus
1024 2766 1069 2819 est

17 2861 137 2926 relictus
168 2877 223 2922 666
250 2857 354 2930 uideo,
384 2856 411 2915 si
439 2855 501 2916 dies
527 2855 712 2918 debebantur
740 2857 860 2930 incerti,
891 2875 950 2937 quo
978 2864 1066 2936 paeto

15 2962 216 3026 concedamus
244 2957 373 3035 aliquem
399 2953 492 3016 fuisse
521 2954 656 3017 medium.
707 2955 795 3018 lnmo
825 2956 882 3017 luit
910 2957 1019 3020 tertius·
1042 2975 1067 3020 s.

13 3063 203 3139 poenotens,
241 3072 299 3136 qno
330 3053 469 3139 iudicium
501 3063 652 3137 oporteret
683 3055 819 3134 transigi.
827 3057 846 3086 “
891 3058 1067 3132 Berobcrdp.

11 3163 132 3224 Messes
153 3156 249 3238 igitur
266 3156 320 3217 ille
337 3154 399 3217 dies
418 3163 463 3217 est
476 3156 544 3232 ille,
568 3157 619 3238 qui
639 3157 716 3218 inter
733 3147 889 3219 secundam
908 3164 937 3219 et
952 3158 1068 3220 tertiam

13 3267 166 3328 actionem
187 3259 356 3322 interiectus
375 3265 454 3332 erat,
477 3259 528 3338 qui
549 3259 610 3318 dies
630 3262 713 3336 66661
733 3258 994 3336 comperendinatus
1014 3277 1068 3322 vo·
1112 3314 1120 3328 ,

11 3375 113 3441 cetur,
147 3363 305 3442 quianon
332 3375 403 3422 uere
434 3357 705 3441 comperendinato,
735 3359 786 3421 sed
809 3359 951 3442 ampliate
969 3359 1069 3423 fuerat
1163 3397 1165 3402 ·

12 3469 93 3529 etin
117 3463 199 3526 dien
220 3462 298 3524 forte
318 3461 436 3522 tertium
457 3461 583 3524 reiecta:
605 3481 633 3526 u.
654 3464 707 3536 19,
727 3463 778 3522 74.

96 3550 252 3641 temedium]
279 3563 376 3628 Varro
400 3561 435 3626 de
456 3563 492 3624 L.
511 3563 548 3626 L.
566 3563 602 3626 V.
623 3580 655 3643 p·
678 3563 748 3624 161.
773 3561 936 3640 aMeyero
959 3559 1068 3623 allatus

11 3669 100 3732 docet
132 3663 307 3728 cavaedium
335 3682 360 3726 s.
386 3663 511 3726 mediam
538 3661 653 3724 aedium
674 3668 802 3742 partem,
829 3679 894 3724 oum
920 3662 974 3724 snb
998 3661 1066 3726 divo

10 3778 107 3846 esset,
131 3767 302 3844 tmpbeotcm
319 3763 440 3841 dictum,
462 3781 527 3826 oum
545 3771 622 3825 esset
638 3770 771 3825 contecta
787 3761 929 3844 desuper,
949 3764 1069 3824 6666611-

10 3891 85 3933 eem.
133 3867 247 3932 Lucem
267 3866 362 3944 igitur-
380 3865 545 3946 accipiebat
566 3881 603 3925 ex
623 3863 768 3926 foramine
789 3866 868 3926 tecti.

96 3968 180 4030 moto
196 3967 343 4043 molestos]
362 3966 471 4046 quippe
489 3966 553 4028 oum
570 3964 705 4030 dictantis
721 3965 901 4030 uoluntatem
917 3961 1069 4023 celeritate

9 4067 170 4136 scribendi
190 4083 249 4130 non
270 4073 456 4147 aequassent.
499 4070 548 4125 Eu
569 4085 622 4145 quo
643 4065 822 4144 spetpeooar
842 4063 918 4125 bene
939 4060 1069 4142 explicet

8 4167 213 4250 Bernhardy:
246 4185 283 4232 ex
312 4185 371 4250 quo
400 4165 509 4230 indicio
539 4173 677 4250 tanquam
704 4166 787 4231 fonte
812 4162 938 4228 ducebat
963 4161 1066 4226 obser-
