2646 4772
305 391 499 460 BRUTUS
529 391 619 462 GAP.
642 395 692 462 96.
715 395 766 461 91.
957 399 1061 472 306

35 559 129 626 nultus
154 561 273 626 interim
301 581 358 649 pro
378 563 594 650 recuperando
614 562 778 652 republica
799 574 830 631 ct
851 565 988 633 crudelis
1011 569 1059 633 in-

33 680 123 744 teritus
151 687 305 746 oratorum
334 681 425 746 trium
452 677 630 749 Scaevolae
660 679 815 750 Carbonis
844 681 978 764 Antisti3
1008 704 1059 751 re-

34 793 99 862 ditus
126 795 232 864 Cottae
264 795 410 865 Curionis
441 795 552 866 Crassi
572 795 773 866 Lentulorum
792 798 935 889 Pompei;
967 800 1058 887 leges

33 921 56 978 et
79 915 188 982 indicia
215 917 398 997 constituta3
427 927 612 1004 recuperata
637 917 835 1005 respublica3
861 939 900 986 ex
928 937 1058 986 numero

32 1039 116 1097 autem
145 1044 300 1102 oratorum
330 1033 518 1124 Pomponius
548 1032 739 1104 Censorinus
769 1035 904 1103 Murena
930 1037 1056 1104 sublati.

32 1145 97 1214 Tum
115 1153 242 1238 primum
262 1173 321 1220 nos
343 1153 384 1220 ed
406 1171 521 1220 causas
544 1161 574 1219 et
594 1155 733 1241 privates
756 1163 787 1222 et
807 1154 950 1242 publicas
968 1155 1057 1222 adire

30 1269 182 1354 coepimus,
207 1290 268 1337 non
291 1280 323 1337 ut
345 1273 378 1337 in
399 1269 469 1340 loro
485 1270 693 1351 disceremus,
715 1271 797 1360 quod
813 1272 954 1360 plerique
971 1273 1056 1342 lece-

30 1394 98 1463 runt,
123 1388 178 1454 sed
200 1398 247 1467 ut,
270 1399 416 1476 quantum
436 1409 495 1456 nos
517 1387 643 1456 elicere
664 1393 889 1477 potuissemus,
919 1391 1002 1458 docti
1024 1393 1058 1458 in

29 1499 112 1568 lorum
136 1508 321 1574 veniremus.
364 1507 437 1574 312.
465 1503 583 1574 Eodem
605 1517 742 1596 tempore
766 1507 889 1576 Moloni
914 1507 1056 1576 dedimus

29 1637 150 1705 operam:
181 1623 333 1692 dictatore
366 1627 449 1692 enim
470 1623 575 1702 ,solla
605 1625 729 1711 legatus
763 1627 804 1694 ad
837 1637 979 1694 senatum
1017 1627 1056 1694 de

28 1733 199 1812 Rhodiorum
217 1745 367 1831 praemiis
388 1754 527 1812 uenerat.
559 1741 666 1830 ltaque
685 1746 787 1830 prime
808 1763 907 1811 causa
927 1744 1055 1831 publica

28 1873 71 1939 pro
90 1856 160 1927 Ser.
183 1859 301 1929 Roscio
323 1861 407 1928 dicto
433 1869 550 1928 tentum
572 1861 850 1928 commendationis
872 1860 996 1940 habuit,
1024 1869 1057 1928 ιιι

26 1989 77 2039 non
102 1977 166 2046 ulla
195 1990 293 2059 esset,
320 1999 401 2067 quae
429 2000 492 2046 nou
514 1977 611 2064 digna
636 1988 744 2046 nostro
771 1981 945 2068 patrocinio
967 1979 1056 2046 vide-

26 2101 102 2160 retur.
145 2095 301 2186 Deinceps
327 2097 400 2164 inde
421 2096 552 2175 multae,
580 2115 659 2183 quas
681 2115 745 2162 non
766 2097 867 2163 minus
890 2095 1057 2182 diligenter

26 2207 191 2282 elaboratas
213 2226 244 2282 et
264 2225 412 2304 tanquam
430 2213 630 2283 elucubratas
653 2213 870 2281 afferebamus.

95 2329 176 2400 xiil.
200 2334 272 2400 313.
297 2332 385 2402 Nunc
411 2333 557 2422 quoniam
578 2342 674 2401 totum
695 2353 760 2412 mc,
783 2353 847 2400 non
870 2351 972 2400 naevo
996 2329 1057 2396 ali-

26 2465 73 2530 quo
94 2461 145 2518 aut
162 2453 357 2540 crepundiis,
379 2453 437 2520 sed
457 2471 589 2539 corpore
606 2455 690 2519 omni
704 2451 823 2519 videris
838 2449 921 2518 velle
938 2469 1057 2535 cogno·

26 2581 114 2647 scere,
137 2571 328 2658 complector
347 2592 411 2638 non
431 2569 520 2637 nulla
542 2571 650 2650 etiarn,
673 2590 753 2658 quae
771 2571 907 2638 fortasse
925 2568 1057 2636 videan-

25 2689 62 2747 tur
78 2689 178 2756 minus
198 2691 393 2757 necessario.
436 2687 512 2754 Erat
538 2708 577 2754 co
601 2677 740 2776 tempore
768 2689 802 2752 in
821 2687 914 2754 nobis
936 2705 1058 2753 summa

24 2805 175 2882 gracilitas
204 2817 235 2874 et
261 2806 423 2873 infirmitas
455 2807 615 2891 corporis,
640 2825 804 2891 procerum
826 2813 857 2869 ct
876 2813 968 2870 tenue
991 2801 1059 2868 col-

24 2913 87 3002 lum3
110 2926 165 3012 qui
186 2923 311 2990 habitus
333 2901 364 2990 et
379 2940 459 3015 quac
481 2920 582 3005 ligura
598 2939 663 2986 non
679 2919 788 3008 procul
805 2919 920 2987 abesse
935 2929 1059 3007 putatur

24 3115 145 3190 Gordiani,
163 3130 229 3193 puto
243 3123 369 3194 quicquid
385 3121 513 3177 collatum
531 3121 619 3178 edlruc
634 3129 688 3186 est3
706 3119 770 3174 hinc
786 3136 841 3174 nou
854 3121 925 3174 levis
939 3119 1059 3174 nescitur

22 3210 129 3278 suspicio
143 3208 333 3280 corrigendum
343 3226 404 3263 esse
419 3208 560 3262 tumultus
574 3204 799 3280 recuperandae
812 3203 1013 3278 reipublicae.
1023 3233 1059 3244 -

22 3289 135 3362 Antisti]
153 3295 192 3348 slo
209 3292 259 3365 hg.
273 3294 298 3350 8.
313 3293 354 3348 35.
369 3293 411 3348 39.
427 3293 470 3347 51.
486 3291 527 3348 53.
542 3291 584 3349 56.
599 3292 642 3346 53.
659 3291 702 3348 68.
721 3292 762 3346 itt.
785 3290 857 3348 Ven.
873 3291 895 3345 l.
915 3290 1061 3360 eidemque

22 3388 120 3441 praeter
139 3378 182 3432 56.
204 3395 268 3433 mox
284 3378 421 3452 Pompei.
441 3407 478 3419 ·-
505 3376 648 3452 Merene]
673 3377 762 3432 nullus
784 3375 853 3430 liber
870 3395 923 3444 ee,-
949 3383 980 3430 et
996 3391 1059 3430 mu·

22 3463 124 3517 renam
145 3464 209 3519 ‚39.

82 3483 144 3603 3138.
179 3546 279 3618 Sallu]
298 3549 375 3621 sylla
394 3548 444 3620 Lg.
465 3547 500 3602 39
517 3565 589 3603 corr.
613 3563 640 3600 ιι.
659 3553 679 3600 ι.
697 3544 738 3598 56.
757 3545 800 3598 68.
834 3543 904 3598 Bell.
922 3552 1007 3598 recte.
1025 3571 1060 3583 —-

21 3627 127 3702 doluit]
146 3632 240 3688 habui
251 3633 301 3706 Lg.
316 3643 425 3706 praeter
437 3633 497 3700 35.,
514 3634 578 3686 item
593 3631 645 3685 Gu.
658 3629 681 3682 l.
696 3637 723 3682 et
736 3627 844 3684 Gruteri
857 3629 937 3684 codd.
952 3629 1060 3683 duo.—

21 3723 48 3770 at
62 3735 119 3773 oon
136 3718 213 3787 cello]
231 3726 263 3774 ot
280 3718 422 3773 nonnulla
439 3715 489 3789 hg.
504 3717 538 3772 53
550 3733 622 3772 corr.
649 3719 684 3769 ot
701 3711 787 3770 nulle
803 3711 919 3768 lllcorr.
932 3745 967 3754 —
985 3730 1060 3786 quas

21 3804 78 3871 noe]
96 3804 136 3857 sic
154 3803 197 3859 ed.
213 3821 254 3874 pr.
273 3801 324 3874 Lg.
342 3819 450 3870 omnes,
468 3803 538 3857 Ven.
550 3801 572 3858 l.
594 3799 646 3855 Gn.
659 3798 681 3853 l.
693 3798 718 3852 3.
737 3795 794 3854 Οιι.
814 3797 877 3854 Vct.
907 3816 984 3869 quas
1000 3815 1060 3853 non

23 3886 58 3941 ed.
75 3888 144 3942 Ven.
176 3905 250 3959 quus
267 3905 327 3942 nort
342 3893 441 3943 mines
458 3888 541 3959 volgo
560 3885 624 3941 inde
644 3884 678 3939 ab
693 3884 755 3940 Asc.
773 3884 796 3938 l.
808 3913 843 3924 -
860 3890 890 3937 et
904 3883 1059 3952 tanquam]

22 3967 64 4042 [ις.
82 3973 122 4028 76.
143 3991 196 4029 our.
216 3980 245 4028 et
262 3980 405 4045 tanquam
422 3971 618 4028 elucubratas.
655 3974 748 4026 etiam
765 3984 855 4038 quam
872 3967 938 4020 Por.
952 3965 988 4020 D.
1007 3963 1058 4036 Lg.

23 4057 303 4125 praetermeat,
326 4059 407 4113 ιιιίιιιιι
429 4055 500 4114 Ven.
515 4057 538 4110 l.
560 4053 617 4112 oo.
639 4054 692 4111 Gn.
707 4053 729 4107 1.
765 4052 858 4106 Facile
883 4058 943 4106 erat
965 4056 1018 4105 tarr
1038 4067 1058 4104 s.

24 4143 79 4196 lom
97 4153 126 4198 et
142 4146 207 4198 iam
224 4143 402 4199 confundere.

86 4228 156 4286 xci.
192 4228 251 4286 313.
288 4245 346 4285 oon
365 4227 459 4296 colla]
478 4226 517 4283 sic
530 4225 637 4284 divisim
649 4225 701 4298 [lg.
710 4225 738 4282 8.
746 4221 788 4279 33.
797 4222 840 4279 56.
850 4221 891 4280 76.
910 4218 981 4277 Veu.
993 4218 1060 4277 l.—
