<?xml version="1.0" encoding="UTF-8"?>
<!DOCTYPE html PUBLIC "-//W3C//DTD XHTML 1.0 Transitional//EN"
    "http://www.w3.org/TR/xhtml1/DTD/xhtml1-transitional.dtd">
<html xmlns="http://www.w3.org/1999/xhtml" xml:lang="en" lang="en">
 <head>
  <title>
</title>
<meta http-equiv="Content-Type" content="text/html;charset=utf-8" />
  <meta name='ocr-system' content='tesseract 3.04.00' />
  <meta name='ocr-capabilities' content='ocr_page ocr_carea ocr_par ocr_line ocrx_word'/>
</head>
<body>
  <div class='ocr_page' id='page_1' title='image "./brutussivedecla00cicegoog/brutussivedecla00cicegoog_0094.png"; bbox 0 0 2702 4768; ppageno 0'>
   <div class='ocr_carea' id='block_1_1' title="bbox 247 387 1136 476">
    <p class='ocr_par' dir='ltr' id='par_1_1' title="bbox 247 387 1136 476">
     <span class='ocr_line' id='line_1_1' title="bbox 247 387 1136 476; baseline -0.007 -8"><span class='ocrx_word' id='word_1_1' title='bbox 247 393 309 468; x_wconf 72' lang='lat' dir='ltr'><strong><em>w</em></strong></span> <span class='ocrx_word' id='word_1_2' title='bbox 407 389 556 462; x_wconf 83' lang='lat' dir='ltr'>crevts</span> <span class='ocrx_word' id='word_1_3' title='bbox 577 389 876 476; x_wconf 71' lang='lat' dir='ltr'>accedentiam</span> <span class='ocrx_word' id='word_1_4' title='bbox 899 387 1002 460; x_wconf 69' lang='grc' dir='ltr'><strong>ΗΘΜ.</strong></span> <span class='ocrx_word' id='word_1_5' title='bbox 1025 391 1136 462; x_wconf 81' lang='lat' dir='ltr'>flts&#39;r.</span> 
     </span>
    </p>
   </div>
   <div class='ocr_carea' id='block_1_2' title="bbox 168 563 1339 3482">
    <p class='ocr_par' dir='ltr' id='par_1_2' title="bbox 247 563 1303 650">
     <span class='ocr_line' id='line_1_2' title="bbox 247 563 1303 650; baseline 0.002 -20"><span class='ocrx_word' id='word_1_6' title='bbox 247 567 378 631; x_wconf 80' lang='lat' dir='ltr'><strong>insontes</strong></span> <span class='ocrx_word' id='word_1_7' title='bbox 399 565 557 631; x_wconf 78' lang='lat' dir='ltr'>inchoatae.</span> <span class='ocrx_word' id='word_1_8' title='bbox 601 565 662 630; x_wconf 89' lang='lat' dir='ltr'>Sed</span> <span class='ocrx_word' id='word_1_9' title='bbox 682 567 752 630; x_wconf 81' lang='lat' dir='ltr'>Sex.</span> <span class='ocrx_word' id='word_1_10' title='bbox 773 565 946 632; x_wconf 74' lang='lat' dir='ltr'>Peducaeus</span> <span class='ocrx_word' id='word_1_11' title='bbox 966 567 1102 630; x_wconf 68' lang='lat' dir='ltr'>tribum</span> <span class='ocrx_word' id='word_1_12' title='bbox 1121 563 1221 650; x_wconf 79' lang='lat' dir='ltr'>plebis</span> <span class='ocrx_word' id='word_1_13' title='bbox 1243 569 1303 632; x_wconf 83' lang='lat' dir='ltr'>cri·</span> 
     </span>
    </p>

    <p class='ocr_par' dir='ltr' id='par_1_3' title="bbox 168 617 1339 2466">
     <span class='ocr_line' id='line_1_3' title="bbox 249 668 1302 750; baseline 0 -18"><span class='ocrx_word' id='word_1_14' title='bbox 249 669 369 733; x_wconf 85' lang='lat' dir='ltr'>niuosis</span> <span class='ocrx_word' id='word_1_15' title='bbox 391 670 575 733; x_wconf 79' lang='lat' dir='ltr'>contionibus</span> <span class='ocrx_word' id='word_1_16' title='bbox 595 669 631 731; x_wconf 89' lang='lat' dir='ltr'>L.</span> <span class='ocrx_word' id='word_1_17' title='bbox 651 668 806 732; x_wconf 87' lang='lat' dir='ltr'>Metellum</span> <span class='ocrx_word' id='word_1_18' title='bbox 826 669 993 750; x_wconf 85' lang='lat' dir='ltr'>pontificem</span> <span class='ocrx_word' id='word_1_19' title='bbox 1013 669 1172 731; x_wconf 77' lang='lat' dir='ltr'>maximum</span> <span class='ocrx_word' id='word_1_20' title='bbox 1192 675 1302 732; x_wconf 89' lang='lat' dir='ltr'>totum·</span> 
     </span>
     <span class='ocr_line' id='line_1_4' title="bbox 250 767 1339 858; baseline 0 -26"><span class='ocrx_word' id='word_1_21' title='bbox 250 789 308 852; x_wconf 90' lang='lat' dir='ltr'>que</span> <span class='ocrx_word' id='word_1_22' title='bbox 339 771 499 850; x_wconf 75' lang='lat' dir='ltr'>collegium</span> <span class='ocrx_word' id='word_1_23' title='bbox 530 769 609 852; x_wconf 89' lang='lat' dir='ltr'>apud</span> <span class='ocrx_word' id='word_1_24' title='bbox 639 770 780 851; x_wconf 82' lang='lat' dir='ltr'>populum</span> <span class='ocrx_word' id='word_1_25' title='bbox 805 770 838 831; x_wconf 90' lang='lat' dir='ltr'>in</span> <span class='ocrx_word' id='word_1_26' title='bbox 865 777 978 832; x_wconf 73' lang='lat' dir='ltr'>tantm</span> <span class='ocrx_word' id='word_1_27' title='bbox 1001 768 1123 837; x_wconf 76' lang='lat' dir='ltr'>adduxit</span> <span class='ocrx_word' id='word_1_28' title='bbox 1149 769 1303 845; x_wconf 83' lang='lat' dir='ltr'>inuidiam,</span> <span class='ocrx_word' id='word_1_29' title='bbox 1338 767 1339 858; x_wconf 72' lang='lat' dir='ltr'>l</span> 
     </span>
     <span class='ocr_line' id='line_1_5' title="bbox 248 869 1303 954; baseline -0.002 -20"><span class='ocrx_word' id='word_1_30' title='bbox 248 879 281 934; x_wconf 89' lang='lat' dir='ltr'>ut</span> <span class='ocrx_word' id='word_1_31' title='bbox 306 873 466 951; x_wconf 79' lang='lat' dir='ltr'>rogatione</span> <span class='ocrx_word' id='word_1_32' title='bbox 491 873 585 954; x_wconf 86' lang='lat' dir='ltr'>ipsius</span> <span class='ocrx_word' id='word_1_33' title='bbox 604 871 639 934; x_wconf 85' lang='lat' dir='ltr'>L.</span> <span class='ocrx_word' id='word_1_34' title='bbox 662 871 801 947; x_wconf 83' lang='lat' dir='ltr'>Caesius,</span> <span class='ocrx_word' id='word_1_35' title='bbox 828 871 967 953; x_wconf 82' lang='lat' dir='ltr'>scopulus</span> <span class='ocrx_word' id='word_1_36' title='bbox 995 887 1115 932; x_wconf 88' lang='lat' dir='ltr'>reorum</span> <span class='ocrx_word' id='word_1_37' title='bbox 1142 869 1240 932; x_wconf 82' lang='lat' dir='ltr'>dictus</span> <span class='ocrx_word' id='word_1_38' title='bbox 1264 871 1303 936; x_wconf 82' lang='lat' dir='ltr'>clu</span> 
     </span>
     <span class='ocr_line' id='line_1_6' title="bbox 249 963 1339 1054; baseline 0 -20"><span class='ocrx_word' id='word_1_39' title='bbox 249 973 448 1050; x_wconf 79' lang='lat' dir='ltr'>seueritatem,</span> <span class='ocrx_word' id='word_1_40' title='bbox 476 973 629 1054; x_wconf 78' lang='lat' dir='ltr'>quaesitor</span> <span class='ocrx_word' id='word_1_41' title='bbox 657 981 824 1048; x_wconf 79' lang='lat' dir='ltr'>crearetur,</span> <span class='ocrx_word' id='word_1_42' title='bbox 854 973 907 1053; x_wconf 89' lang='lat' dir='ltr'>qui</span> <span class='ocrx_word' id='word_1_43' title='bbox 935 971 971 1032; x_wconf 90' lang='lat' dir='ltr'>dc</span> <span class='ocrx_word' id='word_1_44' title='bbox 1000 989 1091 1032; x_wconf 86' lang='lat' dir='ltr'>causa</span> <span class='ocrx_word' id='word_1_45' title='bbox 1108 971 1165 1032; x_wconf 88' lang='lat' dir='ltr'>illa</span> <span class='ocrx_word' id='word_1_46' title='bbox 1186 988 1302 1050; x_wconf 79' lang='lat' dir='ltr'>cogno-</span> <span class='ocrx_word' id='word_1_47' title='bbox 1338 963 1339 1046; x_wconf 75' lang='lat' dir='ltr'>l</span> 
     </span>
     <span class='ocr_line' id='line_1_7' title="bbox 249 1069 1339 1154; baseline -0.002 -18"><span class='ocrx_word' id='word_1_48' title='bbox 249 1082 346 1136; x_wconf 86' lang='lat' dir='ltr'>coenet</span> <span class='ocrx_word' id='word_1_49' title='bbox 360 1070 424 1154; x_wconf 61' lang='lat'><strong>(2⁸).</strong></span> <span class='ocrx_word' id='word_1_50' title='bbox 467 1073 607 1144; x_wconf 83' lang='lat' dir='ltr'>Defendit</span> <span class='ocrx_word' id='word_1_51' title='bbox 627 1075 719 1154; x_wconf 81' lang='lat' dir='ltr'>igitur</span> <span class='ocrx_word' id='word_1_52' title='bbox 738 1073 864 1138; x_wconf 77' lang='lat' dir='ltr'>Crassum</span> <span class='ocrx_word' id='word_1_53' title='bbox 882 1071 1021 1152; x_wconf 79' lang='lat' dir='ltr'>gentilem</span> <span class='ocrx_word' id='word_1_54' title='bbox 1043 1089 1141 1147; x_wconf 88' lang='lat' dir='ltr'>suam,</span> <span class='ocrx_word' id='word_1_55' title='bbox 1168 1071 1223 1136; x_wconf 81' lang='lat' dir='ltr'>aed</span> <span class='ocrx_word' id='word_1_56' title='bbox 1247 1074 1303 1135; x_wconf 85' lang='lat' dir='ltr'>etsi</span> <span class='ocrx_word' id='word_1_57' title='bbox 1338 1069 1339 1132; x_wconf 75' lang='lat' dir='ltr'>l</span> 
     </span>
     <span class='ocr_line' id='line_1_8' title="bbox 250 1169 1339 1258; baseline 0 -22"><span class='ocrx_word' id='word_1_58' title='bbox 250 1173 505 1254; x_wconf 88' lang='lat' dir='ltr'>eloquentissimus</span> <span class='ocrx_word' id='word_1_59' title='bbox 529 1175 626 1249; x_wconf 84' lang='lat' dir='ltr'>risus,</span> <span class='ocrx_word' id='word_1_60' title='bbox 650 1193 709 1255; x_wconf 92' lang='lat' dir='ltr'>quo</span> <span class='ocrx_word' id='word_1_61' title='bbox 731 1176 825 1236; x_wconf 84' lang='lat' dir='ltr'>minue</span> <span class='ocrx_word' id='word_1_62' title='bbox 841 1174 1043 1248; x_wconf 78' lang='lat' dir='ltr'>damnaretur,</span> <span class='ocrx_word' id='word_1_63' title='bbox 1063 1169 1303 1254; x_wconf 76' lang='lat' dir='ltr'>prohiberemur</span> <span class='ocrx_word' id='word_1_64' title='bbox 1338 1171 1339 1258; x_wconf 73' lang='lat' dir='ltr'>l</span> 
     </span>
     <span class='ocr_line' id='line_1_9' title="bbox 249 1273 1302 1358; baseline 0 -22"><span class='ocrx_word' id='word_1_65' title='bbox 249 1275 354 1356; x_wconf 84' lang='lat' dir='ltr'>potuit.</span> <span class='ocrx_word' id='word_1_66' title='bbox 393 1275 487 1338; x_wconf 88' lang='lat' dir='ltr'>lluiua</span> <span class='ocrx_word' id='word_1_67' title='bbox 509 1275 688 1345; x_wconf 82' lang='lat' dir='ltr'>defensionis</span> <span class='ocrx_word' id='word_1_68' title='bbox 708 1284 810 1358; x_wconf 85' lang='lat' dir='ltr'>partae</span> <span class='ocrx_word' id='word_1_69' title='bbox 832 1273 974 1356; x_wconf 88' lang='lat' dir='ltr'>quaedam</span> <span class='ocrx_word' id='word_1_70' title='bbox 997 1275 1126 1356; x_wconf 77' lang='lat' dir='ltr'>scriptae</span> <span class='ocrx_word' id='word_1_71' title='bbox 1144 1273 1302 1338; x_wconf 80' lang='lat' dir='ltr'>Ciceronis</span> 
     </span>
     <span class='ocr_line' id='line_1_10' title="bbox 249 1373 1302 1458; baseline 0.003 -22"><span class='ocrx_word' id='word_1_72' title='bbox 249 1381 347 1438; x_wconf 88' lang='lat' dir='ltr'>aetate</span> <span class='ocrx_word' id='word_1_73' title='bbox 372 1373 610 1456; x_wconf 60' lang='lat' dir='ltr'>exstabanrfit),</span> <span class='ocrx_word' id='word_1_74' title='bbox 632 1391 708 1440; x_wconf 86' lang='lat' dir='ltr'>nanc</span> <span class='ocrx_word' id='word_1_75' title='bbox 728 1383 850 1458; x_wconf 85' lang='lat' dir='ltr'>praeter</span> <span class='ocrx_word' id='word_1_76' title='bbox 868 1393 972 1440; x_wconf 89' lang='lat' dir='ltr'>nomen</span> <span class='ocrx_word' id='word_1_77' title='bbox 993 1376 1068 1438; x_wconf 84' lang='lat' dir='ltr'>niiil</span> <span class='ocrx_word' id='word_1_78' title='bbox 1086 1374 1223 1441; x_wconf 86' lang='lat' dir='ltr'>relictum</span> <span class='ocrx_word' id='word_1_79' title='bbox 1247 1384 1302 1439; x_wconf 81' lang='lat' dir='ltr'>cst</span> 
     </span>
     <span class='ocr_line' id='line_1_11' title="bbox 248 1473 1303 1558; baseline -0.002 -18"><span class='ocrx_word' id='word_1_80' title='bbox 248 1475 377 1554; x_wconf 78' lang='lat' dir='ltr'>Deinde,</span> <span class='ocrx_word' id='word_1_81' title='bbox 394 1479 420 1539; x_wconf 86' lang='lat' dir='ltr'>ei</span> <span class='ocrx_word' id='word_1_82' title='bbox 436 1477 508 1539; x_wconf 85' lang='lat' dir='ltr'>idea</span> <span class='ocrx_word' id='word_1_83' title='bbox 519 1477 656 1542; x_wconf 80' lang='lat' dir='ltr'>Ciceroni</span> <span class='ocrx_word' id='word_1_84' title='bbox 671 1477 808 1540; x_wconf 85' lang='lat' dir='ltr'>habenda</span> <span class='ocrx_word' id='word_1_85' title='bbox 818 1473 887 1558; x_wconf 74' lang='lat'>(³⁰),</span> <span class='ocrx_word' id='word_1_86' title='bbox 906 1495 1026 1540; x_wconf 86' lang='lat' dir='ltr'>causam</span> <span class='ocrx_word' id='word_1_87' title='bbox 1044 1477 1170 1536; x_wconf 79' lang='lat' dir='ltr'>cotootuc</span> <span class='ocrx_word' id='word_1_88' title='bbox 1180 1477 1303 1538; x_wconf 72' lang='lat' dir='ltr'>Nardu-</span> 
     </span>
     <span class='ocr_line' id='line_1_12' title="bbox 249 1577 1339 1660; baseline 0.002 -22"><span class='ocrx_word' id='word_1_89' title='bbox 249 1583 345 1638; x_wconf 67' lang='lat' dir='ltr'>aerea</span> <span class='ocrx_word' id='word_1_90' title='bbox 364 1577 552 1642; x_wconf 78' lang='lat' dir='ltr'>deducendae</span> <span class='ocrx_word' id='word_1_91' title='bbox 574 1579 635 1658; x_wconf 76' lang='lat' dir='ltr'>egit</span> <span class='ocrx_word' id='word_1_92' title='bbox 655 1579 844 1660; x_wconf 88' lang='lat' dir='ltr'>popularium</span> <span class='ocrx_word' id='word_1_93' title='bbox 861 1587 964 1660; x_wconf 82' lang='lat' dir='ltr'>partae</span> <span class='ocrx_word' id='word_1_94' title='bbox 984 1585 1118 1652; x_wconf 67' lang='lat' dir='ltr'>secutum</span> <span class='ocrx_word' id='word_1_95' title='bbox 1142 1577 1302 1658; x_wconf 75' lang='lat' dir='ltr'>optimates</span> <span class='ocrx_word' id='word_1_96' title='bbox 1338 1587 1339 1628; x_wconf 61' lang='lat' dir='ltr'>t</span> 
     </span>
     <span class='ocr_line' id='line_1_13' title="bbox 250 1679 1339 1762; baseline 0 -20"><span class='ocrx_word' id='word_1_97' title='bbox 250 1680 327 1742; x_wconf 89' lang='lat' dir='ltr'>enim</span> <span class='ocrx_word' id='word_1_98' title='bbox 353 1681 545 1758; x_wconf 71' lang='lat' dir='ltr'>resistebant,</span> <span class='ocrx_word' id='word_1_99' title='bbox 573 1698 611 1742; x_wconf 92' lang='lat' dir='ltr'>ne</span> <span class='ocrx_word' id='word_1_100' title='bbox 639 1679 751 1742; x_wconf 80' lang='lat' dir='ltr'>reditus</span> <span class='ocrx_word' id='word_1_101' title='bbox 777 1699 815 1744; x_wconf 85' lang='lat' dir='ltr'>ex</span> <span class='ocrx_word' id='word_1_102' title='bbox 842 1697 919 1760; x_wconf 77' lang='lat' dir='ltr'>agro</span> <span class='ocrx_word' id='word_1_103' title='bbox 947 1680 1068 1762; x_wconf 86' lang='lat' dir='ltr'>publico</span> <span class='ocrx_word' id='word_1_104' title='bbox 1085 1679 1301 1742; x_wconf 84' lang='lat' dir='ltr'>minuerentur.</span> <span class='ocrx_word' id='word_1_105' title='bbox 1338 1751 1339 1762; x_wconf 10' lang='grc' dir='ltr'>ἵ</span> 
     </span>
     <span class='ocr_line' id='line_1_14' title="bbox 250 1779 1339 1862; baseline 0.002 -20"><span class='ocrx_word' id='word_1_106' title='bbox 250 1781 425 1862; x_wconf 80' lang='lat' dir='ltr'>Quanquam</span> <span class='ocrx_word' id='word_1_107' title='bbox 457 1790 538 1847; x_wconf 86' lang='lat' dir='ltr'>errat</span> <span class='ocrx_word' id='word_1_108' title='bbox 566 1781 631 1845; x_wconf 87' lang='lat' dir='ltr'>ille</span> <span class='ocrx_word' id='word_1_109' title='bbox 651 1783 728 1844; x_wconf 88' lang='lat' dir='ltr'>hane</span> <span class='ocrx_word' id='word_1_110' title='bbox 759 1781 917 1846; x_wconf 87' lang='lat' dir='ltr'>dictionem</span> <span class='ocrx_word' id='word_1_111' title='bbox 942 1781 1101 1844; x_wconf 85' lang='lat' dir='ltr'>Liciniana</span> <span class='ocrx_word' id='word_1_112' title='bbox 1127 1779 1302 1846; x_wconf 75' lang='lat' dir='ltr'>defensione</span> <span class='ocrx_word' id='word_1_113' title='bbox 1338 1839 1339 1844; x_wconf 75' lang='grc'>,</span> 
     </span>
     <span class='ocr_line' id='line_1_15' title="bbox 247 1881 1339 1974; baseline 0.001 -30"><span class='ocrx_word' id='word_1_114' title='bbox 247 1884 444 1964; x_wconf 83' lang='lat' dir='ltr'>posteriorem</span> <span class='ocrx_word' id='word_1_115' title='bbox 474 1903 601 1967; x_wconf 90' lang='lat' dir='ltr'>ponens:</span> <span class='ocrx_word' id='word_1_116' title='bbox 635 1882 760 1946; x_wconf 88' lang='lat' dir='ltr'>deducta</span> <span class='ocrx_word' id='word_1_117' title='bbox 789 1885 865 1946; x_wconf 89' lang='lat' dir='ltr'>enim</span> <span class='ocrx_word' id='word_1_118' title='bbox 890 1882 1009 1945; x_wconf 89' lang='lat' dir='ltr'>colonia</span> <span class='ocrx_word' id='word_1_119' title='bbox 1034 1881 1136 1944; x_wconf 85' lang='lat' dir='ltr'>Natho</span> <span class='ocrx_word' id='word_1_120' title='bbox 1165 1899 1194 1942; x_wconf 90' lang='lat' dir='ltr'>a.</span> <span class='ocrx_word' id='word_1_121' title='bbox 1224 1883 1303 1958; x_wconf 85' lang='grc'>636,</span> <span class='ocrx_word' id='word_1_122' title='bbox 1338 1899 1339 1974; x_wconf 51' lang='lat'><em>3</em></span> 
     </span>
     <span class='ocr_line' id='line_1_16' title="bbox 251 1977 1339 2064; baseline -0.006 -16"><span class='ocrx_word' id='word_1_123' title='bbox 251 1984 354 2048; x_wconf 79' lang='lat' dir='ltr'>Graeci</span> <span class='ocrx_word' id='word_1_124' title='bbox 367 1987 506 2050; x_wconf 85' lang='lat' dir='ltr'>uicesimo</span> <span class='ocrx_word' id='word_1_125' title='bbox 523 1987 611 2048; x_wconf 87' lang='lat' dir='ltr'>tertio</span> <span class='ocrx_word' id='word_1_126' title='bbox 624 1979 687 2064; x_wconf 70' lang='grc' dir='ltr'>θ’).</span> <span class='ocrx_word' id='word_1_127' title='bbox 719 1985 813 2046; x_wconf 85' lang='lat' dir='ltr'>liuius</span> <span class='ocrx_word' id='word_1_128' title='bbox 830 1985 975 2047; x_wconf 76' lang='lat' dir='ltr'>credonis</span> <span class='ocrx_word' id='word_1_129' title='bbox 992 1983 1048 2046; x_wconf 86' lang='lat' dir='ltr'>aci</span> <span class='ocrx_word' id='word_1_130' title='bbox 1058 2000 1117 2045; x_wconf 92' lang='lat' dir='ltr'>non</span> <span class='ocrx_word' id='word_1_131' title='bbox 1126 1981 1301 2062; x_wconf 81' lang='lat' dir='ltr'>infrequens</span> <span class='ocrx_word' id='word_1_132' title='bbox 1338 1977 1339 2042; x_wconf 86' lang='lat' dir='ltr'>l</span> 
     </span>
     <span class='ocr_line' id='line_1_17' title="bbox 249 2073 1339 2168; baseline 0 -20"><span class='ocrx_word' id='word_1_133' title='bbox 249 2093 294 2148; x_wconf 87' lang='lat' dir='ltr'>est</span> <span class='ocrx_word' id='word_1_134' title='bbox 316 2088 471 2164; x_wconf 87' lang='lat' dir='ltr'>memoria,</span> <span class='ocrx_word' id='word_1_135' title='bbox 493 2095 590 2150; x_wconf 83' lang='lat' dir='ltr'>tamen</span> <span class='ocrx_word' id='word_1_136' title='bbox 606 2093 726 2168; x_wconf 86' lang='lat' dir='ltr'>praeter</span> <span class='ocrx_word' id='word_1_137' title='bbox 745 2086 916 2148; x_wconf 83' lang='lat' dir='ltr'>senteutiam</span> <span class='ocrx_word' id='word_1_138' title='bbox 932 2085 1079 2166; x_wconf 87' lang='lat' dir='ltr'>quandam</span> <span class='ocrx_word' id='word_1_139' title='bbox 1094 2083 1302 2148; x_wconf 74' lang='lat' dir='ltr'>brevissimam</span> <span class='ocrx_word' id='word_1_140' title='bbox 1338 2073 1339 2154; x_wconf 64' lang='grc' dir='ltr'>ξ</span> 
     </span>
     <span class='ocr_line' id='line_1_18' title="bbox 248 2185 1302 2267; baseline -0.004 -18"><span class='ocrx_word' id='word_1_141' title='bbox 248 2203 371 2267; x_wconf 88' lang='lat' dir='ltr'>eamque</span> <span class='ocrx_word' id='word_1_142' title='bbox 388 2188 540 2250; x_wconf 76' lang='lat' dir='ltr'>Ciceronis</span> <span class='ocrx_word' id='word_1_143' title='bbox 560 2189 659 2252; x_wconf 80' lang='lat' dir='ltr'>uerbis</span> <span class='ocrx_word' id='word_1_144' title='bbox 677 2185 927 2248; x_wconf 76' lang='lat' dir='ltr'>accommodatam</span> <span class='ocrx_word' id='word_1_145' title='bbox 944 2187 1018 2250; x_wconf 87' lang='lat' dir='ltr'>nihil</span> <span class='ocrx_word' id='word_1_146' title='bbox 1038 2203 1076 2248; x_wconf 81' lang='lat' dir='ltr'>ax</span> <span class='ocrx_word' id='word_1_147' title='bbox 1096 2201 1133 2246; x_wconf 88' lang='lat' dir='ltr'>aa</span> <span class='ocrx_word' id='word_1_148' title='bbox 1150 2185 1302 2266; x_wconf 82' lang='lat' dir='ltr'>reliquum</span> 
     </span>
     <span class='ocr_line' id='line_1_19' title="bbox 250 2281 1339 2367; baseline -0.006 -17"><span class='ocrx_word' id='word_1_149' title='bbox 250 2293 296 2350; x_wconf 88' lang='lat' dir='ltr'>est</span> <span class='ocrx_word' id='word_1_150' title='bbox 310 2282 374 2363; x_wconf 73' lang='lat'>(³²).</span> <span class='ocrx_word' id='word_1_151' title='bbox 417 2287 533 2350; x_wconf 86' lang='lat' dir='ltr'>Multas</span> <span class='ocrx_word' id='word_1_152' title='bbox 554 2285 659 2348; x_wconf 87' lang='lat' dir='ltr'>deinde</span> <span class='ocrx_word' id='word_1_153' title='bbox 681 2303 787 2348; x_wconf 84' lang='lat' dir='ltr'>caueae</span> <span class='ocrx_word' id='word_1_154' title='bbox 813 2305 832 2348; x_wconf 88' lang='lat' dir='ltr'>a</span> <span class='ocrx_word' id='word_1_155' title='bbox 855 2285 965 2350; x_wconf 79' lang='lat' dir='ltr'>Graece</span> <span class='ocrx_word' id='word_1_156' title='bbox 986 2287 1081 2350; x_wconf 83' lang='lat' dir='ltr'>dictas</span> <span class='ocrx_word' id='word_1_157' title='bbox 1101 2303 1165 2347; x_wconf 82' lang='lat' dir='ltr'>cam</span> <span class='ocrx_word' id='word_1_158' title='bbox 1187 2303 1245 2367; x_wconf 91' lang='lat' dir='ltr'>per</span> <span class='ocrx_word' id='word_1_159' title='bbox 1267 2305 1301 2350; x_wconf 89' lang='lat' dir='ltr'>se</span> <span class='ocrx_word' id='word_1_160' title='bbox 1338 2281 1339 2344; x_wconf 61' lang='grc' dir='ltr'>ξ</span> 
     </span>
     <span class='ocr_line' id='line_1_20' title="bbox 168 2378 1300 2466; baseline 0.001 -15"><span class='ocrx_word' id='word_1_161' title='bbox 168 2378 170 2384; x_wconf 79' lang='grc'><strong>’</strong></span> <span class='ocrx_word' id='word_1_162' title='bbox 248 2387 429 2451; x_wconf 70' lang='lat' dir='ltr'>verisimile</span> <span class='ocrx_word' id='word_1_163' title='bbox 451 2395 509 2462; x_wconf 87' lang='lat' dir='ltr'>est,</span> <span class='ocrx_word' id='word_1_164' title='bbox 530 2394 590 2450; x_wconf 90' lang='lat' dir='ltr'>tum</span> <span class='ocrx_word' id='word_1_165' title='bbox 612 2385 763 2450; x_wconf 78' lang='lat' dir='ltr'>Ciceronis</span> <span class='ocrx_word' id='word_1_166' title='bbox 783 2387 882 2454; x_wconf 85' lang='lat' dir='ltr'>uerbis</span> <span class='ocrx_word' id='word_1_167' title='bbox 904 2381 1175 2466; x_wconf 76' lang='lat' dir='ltr'>confirmatur(³³);</span> <span class='ocrx_word' id='word_1_168' title='bbox 1195 2405 1300 2452; x_wconf 80' lang='lat' dir='ltr'>uerum</span> 
     </span>
    </p>

    <p class='ocr_par' dir='ltr' id='par_1_4' title="bbox 246 2487 1339 2874">
     <span class='ocr_line' id='line_1_21' title="bbox 246 2487 1339 2572; baseline 0.007 -24"><span class='ocrx_word' id='word_1_169' title='bbox 246 2505 285 2550; x_wconf 89' lang='lat' dir='ltr'>ne</span> <span class='ocrx_word' id='word_1_170' title='bbox 313 2489 432 2552; x_wconf 89' lang='lat' dir='ltr'>nomina</span> <span class='ocrx_word' id='word_1_171' title='bbox 452 2487 568 2569; x_wconf 90' lang='lat' dir='ltr'>quidem</span> <span class='ocrx_word' id='word_1_172' title='bbox 589 2505 690 2551; x_wconf 86' lang='lat' dir='ltr'>earum</span> <span class='ocrx_word' id='word_1_173' title='bbox 711 2488 750 2552; x_wconf 88' lang='lat' dir='ltr'>ad</span> <span class='ocrx_word' id='word_1_174' title='bbox 770 2507 829 2552; x_wconf 89' lang='lat' dir='ltr'>nos·</span> <span class='ocrx_word' id='word_1_175' title='bbox 843 2489 962 2572; x_wconf 89' lang='lat' dir='ltr'>perlata</span> <span class='ocrx_word' id='word_1_176' title='bbox 982 2497 1058 2551; x_wconf 89' lang='lat' dir='ltr'>sunt.</span> <span class='ocrx_word' id='word_1_177' title='bbox 1099 2488 1162 2551; x_wconf 90' lang='lat' dir='ltr'>lam</span> <span class='ocrx_word' id='word_1_178' title='bbox 1177 2495 1300 2570; x_wconf 86' lang='lat' dir='ltr'>tempa-</span> <span class='ocrx_word' id='word_1_179' title='bbox 1338 2489 1339 2556; x_wconf 74' lang='grc' dir='ltr'>ἶ</span> 
     </span>
     <span class='ocr_line' id='line_1_22' title="bbox 247 2579 1339 2672; baseline 0.002 -22"><span class='ocrx_word' id='word_1_180' title='bbox 247 2597 312 2650; x_wconf 78' lang='lat' dir='ltr'>rum</span> <span class='ocrx_word' id='word_1_181' title='bbox 344 2589 447 2652; x_wconf 88' lang='lat' dir='ltr'>ordine</span> <span class='ocrx_word' id='word_1_182' title='bbox 478 2591 614 2672; x_wconf 86' lang='lat' dir='ltr'>proxima</span> <span class='ocrx_word' id='word_1_183' title='bbox 644 2597 690 2653; x_wconf 87' lang='lat' dir='ltr'>est</span> <span class='ocrx_word' id='word_1_184' title='bbox 719 2595 817 2650; x_wconf 76' lang='lat' dir='ltr'>caneto</span> <span class='ocrx_word' id='word_1_185' title='bbox 848 2591 1085 2668; x_wconf 67' lang='lat' dir='ltr'>apameorum</span> <span class='ocrx_word' id='word_1_186' title='bbox 1114 2588 1151 2652; x_wconf 88' lang='lat' dir='ltr'>de</span> <span class='ocrx_word' id='word_1_187' title='bbox 1177 2587 1301 2652; x_wconf 77' lang='lat' dir='ltr'>indiciis</span> <span class='ocrx_word' id='word_1_188' title='bbox 1338 2579 1339 2666; x_wconf 61' lang='grc' dir='ltr'><strong>ἶ</strong></span> 
     </span>
     <span class='ocr_line' id='line_1_23' title="bbox 249 2690 1339 2770; baseline 0.002 -18"><span class='ocrx_word' id='word_1_189' title='bbox 249 2690 378 2770; x_wconf 86' lang='lat' dir='ltr'>equitum</span> <span class='ocrx_word' id='word_1_190' title='bbox 407 2709 471 2753; x_wconf 89' lang='lat' dir='ltr'>cum</span> <span class='ocrx_word' id='word_1_191' title='bbox 498 2700 601 2754; x_wconf 87' lang='lat' dir='ltr'>senatu</span> <span class='ocrx_word' id='word_1_192' title='bbox 630 2690 889 2766; x_wconf 79' lang='lat' dir='ltr'>communicandio3</span> <span class='ocrx_word' id='word_1_193' title='bbox 918 2707 955 2754; x_wconf 87' lang='lat' dir='ltr'>ca</span> <span class='ocrx_word' id='word_1_194' title='bbox 981 2691 1033 2754; x_wconf 84' lang='lat' dir='ltr'>lex</span> <span class='ocrx_word' id='word_1_195' title='bbox 1052 2690 1118 2752; x_wconf 90' lang='lat' dir='ltr'>lata</span> <span class='ocrx_word' id='word_1_196' title='bbox 1138 2709 1157 2752; x_wconf 87' lang='lat' dir='ltr'>a</span> <span class='ocrx_word' id='word_1_197' title='bbox 1175 2691 1302 2754; x_wconf 84' lang='lat' dir='ltr'>concula</span> <span class='ocrx_word' id='word_1_198' title='bbox 1338 2691 1339 2768; x_wconf 65' lang='grc' dir='ltr'>ζ</span> 
     </span>
     <span class='ocr_line' id='line_1_24' title="bbox 248 2789 1300 2874; baseline 0.002 -20"><span class='ocrx_word' id='word_1_199' title='bbox 248 2789 284 2868; x_wconf 76' lang='lat' dir='ltr'>Q.</span> <span class='ocrx_word' id='word_1_200' title='bbox 302 2791 431 2856; x_wconf 85' lang='lat' dir='ltr'>Seruilio</span> <span class='ocrx_word' id='word_1_201' title='bbox 450 2791 600 2874; x_wconf 79' lang='lat' dir='ltr'>Caepione</span> <span class='ocrx_word' id='word_1_202' title='bbox 618 2811 646 2856; x_wconf 92' lang='lat' dir='ltr'>a.</span> <span class='ocrx_word' id='word_1_203' title='bbox 657 2793 734 2869; x_wconf 83' lang='grc'><strong>648,</strong></span> <span class='ocrx_word' id='word_1_204' title='bbox 758 2793 809 2873; x_wconf 87' lang='lat' dir='ltr'>qui</span> <span class='ocrx_word' id='word_1_205' title='bbox 820 2793 957 2856; x_wconf 81' lang='lat' dir='ltr'>Ciceroni</span> <span class='ocrx_word' id='word_1_206' title='bbox 972 2791 1082 2854; x_wconf 80' lang='lat' dir='ltr'>natalia</span> <span class='ocrx_word' id='word_1_207' title='bbox 1098 2791 1167 2868; x_wconf 87' lang='lat' dir='ltr'>fuit,</span> <span class='ocrx_word' id='word_1_208' title='bbox 1184 2790 1300 2856; x_wconf 80' lang='lat' dir='ltr'>Crasso</span> 
     </span>
    </p>

    <p class='ocr_par' dir='ltr' id='par_1_5' title="bbox 247 2887 1339 3076">
     <span class='ocr_line' id='line_1_25' title="bbox 248 2887 1339 2976; baseline 0.002 -22"><span class='ocrx_word' id='word_1_209' title='bbox 248 2897 370 2976; x_wconf 73' lang='lat' dir='ltr'>‹quartus</span> <span class='ocrx_word' id='word_1_210' title='bbox 400 2902 429 2958; x_wconf 93' lang='lat' dir='ltr'>et</span> <span class='ocrx_word' id='word_1_211' title='bbox 454 2895 618 2956; x_wconf 83' lang='lat' dir='ltr'>tricesimus</span> <span class='ocrx_word' id='word_1_212' title='bbox 637 2889 701 2974; x_wconf 80' lang='lat'>(³⁴).</span> <span class='ocrx_word' id='word_1_213' title='bbox 751 2893 826 2955; x_wconf 89' lang='lat' dir='ltr'>Num</span> <span class='ocrx_word' id='word_1_214' title='bbox 856 2893 974 2974; x_wconf 87' lang='lat' dir='ltr'>perlata</span> <span class='ocrx_word' id='word_1_215' title='bbox 1001 2893 1040 2954; x_wconf 84' lang='lat' dir='ltr'>sit</span> <span class='ocrx_word' id='word_1_216' title='bbox 1065 2893 1208 2956; x_wconf 85' lang='lat' dir='ltr'>incertum</span> <span class='ocrx_word' id='word_1_217' title='bbox 1235 2903 1300 2972; x_wconf 65' lang='lat' dir='ltr'>asa</span> <span class='ocrx_word' id='word_1_218' title='bbox 1338 2887 1339 2924; x_wconf 60' lang='lat'><em>³</em></span> 
     </span>
     <span class='ocr_line' id='line_1_26' title="bbox 247 2992 1300 3076; baseline 0.004 -22"><span class='ocrx_word' id='word_1_219' title='bbox 247 3001 326 3055; x_wconf 89' lang='lat' dir='ltr'>certe</span> <span class='ocrx_word' id='word_1_220' title='bbox 346 2997 450 3076; x_wconf 86' lang='lat' dir='ltr'>paucis</span> <span class='ocrx_word' id='word_1_221' title='bbox 472 2998 556 3058; x_wconf 86' lang='lat' dir='ltr'>annis</span> <span class='ocrx_word' id='word_1_222' title='bbox 578 3001 660 3076; x_wconf 88' lang='lat' dir='ltr'>post,</span> <span class='ocrx_word' id='word_1_223' title='bbox 684 3012 748 3056; x_wconf 89' lang='lat' dir='ltr'>cum</span> <span class='ocrx_word' id='word_1_224' title='bbox 771 2993 896 3058; x_wconf 77' lang='lat' dir='ltr'>Graecus</span> <span class='ocrx_word' id='word_1_225' title='bbox 918 2992 970 3056; x_wconf 83' lang='lat' dir='ltr'>Gn.</span> <span class='ocrx_word' id='word_1_226' title='bbox 992 2993 1145 3056; x_wconf 87' lang='lat' dir='ltr'>Plancium</span> <span class='ocrx_word' id='word_1_227' title='bbox 1165 2992 1300 3058; x_wconf 75' lang='lat' dir='ltr'>defendit</span> 
     </span>
    </p>

    <p class='ocr_par' dir='ltr' id='par_1_6' title="bbox 246 3089 1301 3176">
     <span class='ocr_line' id='line_1_27' title="bbox 246 3089 1301 3176; baseline 0.001 -19"><span class='ocrx_word' id='word_1_228' title='bbox 246 3093 388 3158; x_wconf 77' lang='lat' dir='ltr'>aduersus</span> <span class='ocrx_word' id='word_1_229' title='bbox 420 3104 622 3159; x_wconf 86' lang='lat' dir='ltr'>accusatorem</span> <span class='ocrx_word' id='word_1_230' title='bbox 650 3097 790 3172; x_wconf 86' lang='lat' dir='ltr'>Brutum,</span> <span class='ocrx_word' id='word_1_231' title='bbox 823 3096 936 3176; x_wconf 90' lang='lat' dir='ltr'>equites</span> <span class='ocrx_word' id='word_1_232' title='bbox 969 3093 1141 3156; x_wconf 80' lang='lat' dir='ltr'>iudicabant</span> <span class='ocrx_word' id='word_1_233' title='bbox 1161 3089 1234 3175; x_wconf 71' lang='lat'><strong>(³5);</strong></span> <span class='ocrx_word' id='word_1_234' title='bbox 1270 3103 1301 3158; x_wconf 88' lang='lat' dir='ltr'>et</span> 
     </span>
    </p>

    <p class='ocr_par' dir='ltr' id='par_1_7' title="bbox 246 3195 1299 3276">
     <span class='ocr_line' id='line_1_28' title="bbox 246 3195 1299 3276; baseline 0 -16"><span class='ocrx_word' id='word_1_235' title='bbox 246 3215 274 3260; x_wconf 88' lang='lat' dir='ltr'>a.</span> <span class='ocrx_word' id='word_1_236' title='bbox 298 3197 362 3260; x_wconf 81' lang='grc'>659</span> <span class='ocrx_word' id='word_1_237' title='bbox 389 3197 433 3260; x_wconf 88' lang='grc' dir='ltr'>Μ.</span> <span class='ocrx_word' id='word_1_238' title='bbox 457 3197 560 3258; x_wconf 80' lang='lat' dir='ltr'>Liuius</span> <span class='ocrx_word' id='word_1_239' title='bbox 580 3195 694 3258; x_wconf 81' lang='lat' dir='ltr'>Drusus</span> <span class='ocrx_word' id='word_1_240' title='bbox 714 3197 819 3276; x_wconf 83' lang='lat' dir='ltr'>legem</span> <span class='ocrx_word' id='word_1_241' title='bbox 838 3196 986 3262; x_wconf 82' lang='lat' dir='ltr'>Seruiliae</span> <span class='ocrx_word' id='word_1_242' title='bbox 1010 3195 1189 3276; x_wconf 77' lang='lat' dir='ltr'>simillimam</span> <span class='ocrx_word' id='word_1_243' title='bbox 1217 3197 1299 3260; x_wconf 83' lang='lat' dir='ltr'>tulit.</span> 
     </span>
    </p>

    <p class='ocr_par' dir='ltr' id='par_1_8' title="bbox 246 3295 1339 3482">
     <span class='ocr_line' id='line_1_29' title="bbox 247 3295 1339 3377; baseline -0.002 -21"><span class='ocrx_word' id='word_1_244' title='bbox 247 3295 423 3377; x_wconf 80' lang='lat' dir='ltr'>Quanquam</span> <span class='ocrx_word' id='word_1_245' title='bbox 442 3303 509 3358; x_wconf 81' lang='lat' dir='ltr'>eunt</span> <span class='ocrx_word' id='word_1_246' title='bbox 530 3297 581 3377; x_wconf 91' lang='lat' dir='ltr'>qui</span> <span class='ocrx_word' id='word_1_247' title='bbox 596 3296 754 3361; x_wconf 79' lang='lat' dir='ltr'>Serviliam</span> <span class='ocrx_word' id='word_1_248' title='bbox 772 3299 902 3362; x_wconf 84' lang='lat' dir='ltr'>consulis</span> <span class='ocrx_word' id='word_1_249' title='bbox 923 3297 988 3359; x_wconf 85' lang='lat' dir='ltr'>alia</span> <span class='ocrx_word' id='word_1_250' title='bbox 1003 3295 1134 3361; x_wconf 79' lang='lat' dir='ltr'>Seruilia</span> <span class='ocrx_word' id='word_1_251' title='bbox 1151 3297 1300 3360; x_wconf 82' lang='lat' dir='ltr'>Glauciae</span> <span class='ocrx_word' id='word_1_252' title='bbox 1338 3311 1339 3354; x_wconf 78' lang='lat' dir='ltr'>t</span> 
     </span>
     <span class='ocr_line' id='line_1_30' title="bbox 246 3397 1298 3482; baseline 0.003 -23"><span class='ocrx_word' id='word_1_253' title='bbox 246 3398 395 3482; x_wconf 80' lang='lat' dir='ltr'>praetoris</span> <span class='ocrx_word' id='word_1_254' title='bbox 416 3397 562 3462; x_wconf 78' lang='lat' dir='ltr'>sociatam</span> <span class='ocrx_word' id='word_1_255' title='bbox 582 3405 698 3480; x_wconf 90' lang='lat' dir='ltr'>putent,</span> <span class='ocrx_word' id='word_1_256' title='bbox 727 3400 808 3464; x_wconf 79' lang='lat' dir='ltr'>reiut</span> <span class='ocrx_word' id='word_1_257' title='bbox 824 3401 978 3464; x_wconf 84' lang='lat' dir='ltr'>lirneatus.</span> <span class='ocrx_word' id='word_1_258' title='bbox 1019 3397 1082 3462; x_wconf 86' lang='lat' dir='ltr'>llos</span> <span class='ocrx_word' id='word_1_259' title='bbox 1103 3405 1201 3460; x_wconf 88' lang='lat' dir='ltr'>autem</span> <span class='ocrx_word' id='word_1_260' title='bbox 1222 3417 1298 3480; x_wconf 86' lang='lat' dir='ltr'>pro-</span> 
     </span>
    </p>
   </div>
   <div class='ocr_carea' id='block_1_3' title="bbox 246 3616 1297 3786">
    <p class='ocr_par' dir='ltr' id='par_1_9' title="bbox 246 3616 1297 3786">
     <span class='ocr_line' id='line_1_31' title="bbox 260 3616 1295 3694; baseline 0.001 -12"><span class='ocrx_word' id='word_1_261' title='bbox 260 3616 263 3622; x_wconf 61' lang='grc'>’</span> <span class='ocrx_word' id='word_1_262' title='bbox 314 3627 361 3694; x_wconf 74' lang='lat'>28)</span> <span class='ocrx_word' id='word_1_263' title='bbox 393 3627 440 3682; x_wconf 91' lang='lat' dir='ltr'>Sic</span> <span class='ocrx_word' id='word_1_264' title='bbox 470 3638 598 3686; x_wconf 87' lang='lat' dir='ltr'>accurate</span> <span class='ocrx_word' id='word_1_265' title='bbox 621 3631 756 3686; x_wconf 81' lang='lat' dir='ltr'>Asconius</span> <span class='ocrx_word' id='word_1_266' title='bbox 782 3629 818 3683; x_wconf 90' lang='lat' dir='ltr'>ad</span> <span class='ocrx_word' id='word_1_267' title='bbox 841 3627 1023 3684; x_wconf 84' lang='lat' dir='ltr'>Milonianam</span> <span class='ocrx_word' id='word_1_268' title='bbox 1047 3645 1070 3682; x_wconf 88' lang='lat' dir='ltr'>e.</span> <span class='ocrx_word' id='word_1_269' title='bbox 1099 3627 1139 3682; x_wconf 72' lang='lat' dir='ltr'>ld.</span> <span class='ocrx_word' id='word_1_270' title='bbox 1171 3625 1205 3682; x_wconf 78' lang='lat' dir='ltr'>ef.</span> <span class='ocrx_word' id='word_1_271' title='bbox 1230 3625 1295 3684; x_wconf 83' lang='lat' dir='ltr'>Liv.</span> 
     </span>
     <span class='ocr_line' id='line_1_32' title="bbox 246 3709 1297 3786; baseline 0.003 -21"><span class='ocrx_word' id='word_1_272' title='bbox 246 3709 313 3784; x_wconf 78' lang='lat' dir='ltr'>epit.</span> <span class='ocrx_word' id='word_1_273' title='bbox 327 3711 426 3768; x_wconf 79' lang='lat' dir='ltr'>thll.</span> <span class='ocrx_word' id='word_1_274' title='bbox 448 3711 589 3779; x_wconf 79' lang='lat' dir='ltr'>Plutarch.</span> <span class='ocrx_word' id='word_1_275' title='bbox 604 3715 718 3774; x_wconf 72' lang='lat' dir='ltr'>(tuaest.</span> <span class='ocrx_word' id='word_1_276' title='bbox 729 3715 764 3770; x_wconf 87' lang='lat' dir='ltr'>R.</span> <span class='ocrx_word' id='word_1_277' title='bbox 786 3733 812 3786; x_wconf 92' lang='lat' dir='ltr'>p.</span> <span class='ocrx_word' id='word_1_278' title='bbox 828 3713 887 3770; x_wconf 85' lang='grc'>360.</span> <span class='ocrx_word' id='word_1_279' title='bbox 901 3713 994 3780; x_wconf 73' lang='lat' dir='ltr'>fluit,</span> <span class='ocrx_word' id='word_1_280' title='bbox 1015 3713 1091 3786; x_wconf 89' lang='lat' dir='ltr'>apud</span> <span class='ocrx_word' id='word_1_281' title='bbox 1108 3729 1191 3784; x_wconf 86' lang='lat' dir='ltr'>quam</span> <span class='ocrx_word' id='word_1_282' title='bbox 1208 3715 1297 3768; x_wconf 83' lang='lat' dir='ltr'>corri-</span> 
     </span>
    </p>
   </div>
   <div class='ocr_carea' id='block_1_4' title="bbox 115 3787 1297 3890">
    <p class='ocr_par' dir='ltr' id='par_1_10' title="bbox 115 3787 1297 3890">
     <span class='ocr_line' id='line_1_33' title="bbox 115 3787 1297 3890; baseline 0.003 -40"><span class='ocrx_word' id='word_1_283' title='bbox 115 3787 141 3802; x_wconf 62' lang='grc'>“</span> <span class='ocrx_word' id='word_1_284' title='bbox 245 3797 361 3869; x_wconf 79' lang='lat' dir='ltr'>gendum</span> <span class='ocrx_word' id='word_1_285' title='bbox 370 3797 515 3862; x_wconf 77' lang='grc' dir='ltr'><strong><em>Βετούτιος</em></strong></span> <span class='ocrx_word' id='word_1_286' title='bbox 522 3797 632 3882; x_wconf 63' lang='grc' dir='ltr'><strong><em>Βτξρρος</em></strong></span> <span class='ocrx_word' id='word_1_287' title='bbox 641 3817 692 3870; x_wconf 89' lang='lat' dir='ltr'>pro</span> <span class='ocrx_word' id='word_1_288' title='bbox 702 3803 847 3862; x_wconf 77' lang='grc' dir='ltr'><strong><em>Βουτέτιος</em></strong></span> <span class='ocrx_word' id='word_1_289' title='bbox 858 3797 1004 3890; x_wconf 59' lang='grc' dir='ltr'><strong><em>βάρβαρος,</em></strong></span> <span class='ocrx_word' id='word_1_290' title='bbox 1019 3799 1192 3872; x_wconf 77' lang='lat' dir='ltr'>castigandus</span> <span class='ocrx_word' id='word_1_291' title='bbox 1203 3809 1297 3854; x_wconf 75' lang='lat' dir='ltr'>actem</span> 
     </span>
    </p>
   </div>
   <div class='ocr_carea' id='block_1_5' title="bbox 242 3883 1300 4294">
    <p class='ocr_par' dir='ltr' id='par_1_11' title="bbox 242 3883 1300 4294">
     <span class='ocr_line' id='line_1_34' title="bbox 244 3883 1296 3958; baseline 0.002 -22"><span class='ocrx_word' id='word_1_292' title='bbox 244 3883 324 3939; x_wconf 82' lang='lat' dir='ltr'>error</span> <span class='ocrx_word' id='word_1_293' title='bbox 344 3886 486 3957; x_wconf 81' lang='lat' dir='ltr'>scriptoria</span> <span class='ocrx_word' id='word_1_294' title='bbox 509 3903 567 3942; x_wconf 86' lang='lat' dir='ltr'>rem</span> <span class='ocrx_word' id='word_1_295' title='bbox 592 3884 628 3938; x_wconf 81' lang='lat' dir='ltr'>ad</span> <span class='ocrx_word' id='word_1_296' title='bbox 644 3884 751 3941; x_wconf 86' lang='lat' dir='ltr'>Punica</span> <span class='ocrx_word' id='word_1_297' title='bbox 774 3896 901 3958; x_wconf 85' lang='lat' dir='ltr'>tempore</span> <span class='ocrx_word' id='word_1_298' title='bbox 922 3883 1077 3940; x_wconf 86' lang='lat' dir='ltr'>referentis.</span> <span class='ocrx_word' id='word_1_299' title='bbox 1163 3883 1212 3953; x_wconf 76' lang='lat'>29)</span> <span class='ocrx_word' id='word_1_300' title='bbox 1237 3885 1296 3941; x_wconf 87' lang='lat' dir='ltr'>Cic.</span> 
     </span>
     <span class='ocr_line' id='line_1_35' title="bbox 242 3968 1298 4038; baseline 0.002 -14"><span class='ocrx_word' id='word_1_301' title='bbox 242 3968 323 4026; x_wconf 76' lang='lat' dir='ltr'>Brut</span> <span class='ocrx_word' id='word_1_302' title='bbox 340 3972 390 4038; x_wconf 72' lang='grc'>43,</span> <span class='ocrx_word' id='word_1_303' title='bbox 417 3971 477 4028; x_wconf 85' lang='grc'><strong>160.</strong></span> <span class='ocrx_word' id='word_1_304' title='bbox 547 3969 593 4036; x_wconf 81' lang='grc'>30)</span> <span class='ocrx_word' id='word_1_305' title='bbox 617 3969 673 4026; x_wconf 79' lang='lat' dir='ltr'>cto.</span> <span class='ocrx_word' id='word_1_306' title='bbox 695 3972 713 4026; x_wconf 90' lang='lat' dir='ltr'>l.</span> <span class='ocrx_word' id='word_1_307' title='bbox 733 3989 756 4028; x_wconf 89' lang='lat' dir='ltr'>e.</span> <span class='ocrx_word' id='word_1_308' title='bbox 825 3972 872 4038; x_wconf 87' lang='grc'>31)</span> <span class='ocrx_word' id='word_1_309' title='bbox 894 3971 996 4027; x_wconf 85' lang='lat' dir='ltr'>Vellei.</span> <span class='ocrx_word' id='word_1_310' title='bbox 1014 3970 1035 4024; x_wconf 89' lang='lat' dir='ltr'>l.</span> <span class='ocrx_word' id='word_1_311' title='bbox 1055 3969 1096 4025; x_wconf 81' lang='lat'>15.</span> <span class='ocrx_word' id='word_1_312' title='bbox 1127 3970 1161 4026; x_wconf 74' lang='lat' dir='ltr'>cf</span> <span class='ocrx_word' id='word_1_313' title='bbox 1180 3971 1239 4026; x_wconf 81' lang='lat' dir='ltr'>Cic</span> <span class='ocrx_word' id='word_1_314' title='bbox 1261 3971 1298 4026; x_wconf 83' lang='lat' dir='ltr'>da</span> 
     </span>
     <span class='ocr_line' id='line_1_36' title="bbox 244 4053 1300 4128; baseline 0.002 -18"><span class='ocrx_word' id='word_1_315' title='bbox 244 4053 292 4111; x_wconf 85' lang='lat' dir='ltr'>Or.</span> <span class='ocrx_word' id='word_1_316' title='bbox 308 4055 342 4110; x_wconf 92' lang='lat' dir='ltr'>ll.</span> <span class='ocrx_word' id='word_1_317' title='bbox 359 4057 403 4123; x_wconf 79' lang='lat'>55,</span> <span class='ocrx_word' id='word_1_318' title='bbox 418 4054 479 4113; x_wconf 72' lang='lat'>223.</span> <span class='ocrx_word' id='word_1_319' title='bbox 504 4073 531 4128; x_wconf 88' lang='lat' dir='ltr'>p.</span> <span class='ocrx_word' id='word_1_320' title='bbox 551 4055 657 4110; x_wconf 77' lang='lat' dir='ltr'>cluent.</span> <span class='ocrx_word' id='word_1_321' title='bbox 676 4057 717 4112; x_wconf 86' lang='lat' dir='ltr'>5l.</span> <span class='ocrx_word' id='word_1_322' title='bbox 739 4057 897 4117; x_wconf 68' lang='lat' dir='ltr'>Quinetiam.</span> <span class='ocrx_word' id='word_1_323' title='bbox 917 4055 963 4113; x_wconf 87' lang='lat' dir='ltr'>Vl.</span> <span class='ocrx_word' id='word_1_324' title='bbox 982 4057 1015 4124; x_wconf 89' lang='grc'>3,</span> <span class='ocrx_word' id='word_1_325' title='bbox 1034 4058 1077 4113; x_wconf 76' lang='lat' dir='ltr'>dd.</span> <span class='ocrx_word' id='word_1_326' title='bbox 1164 4053 1214 4125; x_wconf 69' lang='lat'>32)</span> <span class='ocrx_word' id='word_1_327' title='bbox 1237 4055 1300 4112; x_wconf 78' lang='lat' dir='ltr'>cta</span> 
     </span>
     <span class='ocr_line' id='line_1_37' title="bbox 244 4137 1298 4212; baseline 0.004 -17"><span class='ocrx_word' id='word_1_328' title='bbox 244 4137 298 4195; x_wconf 75' lang='lat' dir='ltr'>(ld.</span> <span class='ocrx_word' id='word_1_329' title='bbox 315 4141 350 4196; x_wconf 91' lang='lat' dir='ltr'>ll.</span> <span class='ocrx_word' id='word_1_330' title='bbox 370 4141 479 4207; x_wconf 56' lang='lat'>¹⁸2⁰&amp;</span> <span class='ocrx_word' id='word_1_331' title='bbox 556 4138 603 4209; x_wconf 86' lang='grc'>33)</span> <span class='ocrx_word' id='word_1_332' title='bbox 621 4141 677 4200; x_wconf 80' lang='lat' dir='ltr'>Cic.</span> <span class='ocrx_word' id='word_1_333' title='bbox 696 4141 774 4198; x_wconf 83' lang='lat' dir='ltr'>Brut.</span> <span class='ocrx_word' id='word_1_334' title='bbox 793 4141 853 4197; x_wconf 79' lang='lat' dir='ltr'>l.‘c.</span> <span class='ocrx_word' id='word_1_335' title='bbox 926 4143 1048 4212; x_wconf 79' lang='grc' dir='ltr'>34)Οἰτ.</span> <span class='ocrx_word' id='word_1_336' title='bbox 1067 4139 1214 4212; x_wconf 73' lang='lat' dir='ltr'>mnam,</span> <span class='ocrx_word' id='word_1_337' title='bbox 1234 4141 1298 4200; x_wconf 84' lang='lat' dir='ltr'>llil.</span> 
     </span>
     <span class='ocr_line' id='line_1_38' title="bbox 244 4224 550 4294; baseline 0.003 -14"><span class='ocrx_word' id='word_1_338' title='bbox 244 4225 290 4294; x_wconf 82' lang='grc'>35)</span> <span class='ocrx_word' id='word_1_339' title='bbox 306 4225 362 4282; x_wconf 81' lang='lat' dir='ltr'>Cic.</span> <span class='ocrx_word' id='word_1_340' title='bbox 382 4224 491 4282; x_wconf 78' lang='lat' dir='ltr'>clueat.</span> <span class='ocrx_word' id='word_1_341' title='bbox 507 4224 550 4281; x_wconf 88' lang='lat'>51.</span> 
     </span>
    </p>
   </div>
   <div class='ocr_carea' id='block_1_6' title="bbox 0 0 1356 4768">
    <p class='ocr_par' dir='ltr' id='par_1_12' title="bbox 0 0 1356 4768">
     <span class='ocr_line' id='line_1_39' title="bbox 0 0 1356 4768; baseline 0 1"><span class='ocrx_word' id='word_1_342' title='bbox 0 0 1356 4768; x_wconf 95' lang='lat' dir='ltr'> </span> 
     </span>
    </p>
   </div>
  </div>
 </body>
</html>
