2676 4774
198 425 345 496 Bacvts
367 427 666 512 Elooucttrtnn
687 431 790 502 ROM.
812 433 921 504 litsr.
1022 441 1083 512 61

59 597 154 662 auibus
168 599 280 664 cdli:
302 601 427 664 triennio
450 603 560 679 udnor,
582 622 671 687 pam
683 606 826 670 minutus
839 601 898 686 (ὓ).
932 609 1080 688 Quaestor

59 719 81 762 a
98 701 153 762 64³
171 701 270 765 Atiam
290 703 471 782 prouinciam
497 703 613 768 habuit:
643 707 693 788 qui
720 707 796 770 euim
816 706 968 772 Ciceronis
994 711 1079 776 locus

58 799 189 865 aduocari
207 799 322 865 vidaon
335 800 385 882 (⁷)
405 803 609 885 percommode
631 807 673 870 sic
689 807 886 887 intelligetur,
906 817 938 874 ut
951 809 1079 876 Graccus

57 903 369 979 tenesuiitineueusus,
386 923 451 967 cunr
462 905 585 987 aliquod
595 915 708 989 tempus
718 907 937 972 iuMacedouia
948 921 1079 976 moratus

57 1011 132 1078 osset,
149 1005 275 1066 Athenas
291 1007 467 1086 peruenerit.
505 1007 619 1070 Deinde
635 1009 768 1072 trilums
786 1009 882 1090 plebis
898 1009 969 1085 iuit,
993 1029 1079 1091 peut

56 1104 234 1182 cooperatum
247 1107 368 1170 tacitum
381 1107 486 1172 Cicero
506 1116 594 1172 rooct
604 1104 664 1188 (⁸).
699 1110 763 1174 lluc
784 1125 841 1172 ono
855 1109 890 1188 Q.
903 1110 1079 1176 Scaeuolam

56 1204 370 1286 collegamuonlrabuit,
387 1209 412 1270 si
424 1225 577 1272 censuram
587 1227 645 1272 nou
657 1211 864 1286 numeraveris,
882 1229 968 1292 quam
978 1211 1078 1276 nullus

55 1303 243 1370 saecularum
253 1309 356 1389 petiuit
366 1303 434 1388 (⁹);
455 1309 509 1372 ille
520 1310 596 1372 euim
612 1311 791 1374 trilunatum
802 1329 879 1374 anuo
896 1313 1077 1394 postgessit

119 1405 275 1472 Aedilitote
305 1409 593 1490 magnificentissima
622 1411 738 1475 iunctus
769 1420 815 1476 est
843 1431 872 1476 a
900 1415 979 1491 dol,
1012 1431 1079 1480 eum

53 1505 205 1572 trilunatum
229 1517 357 1590 patron
375 1512 461 1574 annis
483 1519 551 1576 aute
575 1511 730 1591 gessisset,
756 1514 947 1589 uentribus,
969 1521 1002 1578 ut
1021 1533 1076 1580 vo·

52 1605 95 1670 luit
115 1610 250 1689 ligirium
277 1629 344 1674 nam
371 1612 455 1676 locus
480 1613 567 1677 Bruti
592 1613 795 1690 ciceroniani,
829 1633 887 1696 quo
913 1615 999 1680 modo
1030 1617 1077 1684 usi

53 1723 131 1772 sunus
145 1706 211 1792 (¹⁰),
236 1729 265 1774 o.
282 1713 359 1787 ote,
381 1731 439 1795 quo
460 1713 525 1776 tntu
545 1721 591 1778 est
610 1713 661 1780 lex
682 1715 813 1780 Seruilia
834 1715 993 1780 iudiciaria
1013 1717 1077 1797 pri-

51 1816 129 1872 vatum
147 1811 241 1881 fuitne
260 1813 396 1876 ostendit.
438 1815 613 1878 Praeturam
629 1816 675 1880 M.
690 1817 818 1881 Antonio
841 1817 962 1882 consule
983 1818 1077 1896 gessit

51 1925 71 1970 c.
87 1911 156 1989 coa
175 1914 334 1994 ignoratur
355 1921 452 1978 cutem
472 1915 669 1980 iurisdietioni
690 1934 728 1979 an
749 1919 915 1998 quaestioni
936 1933 1077 1982 exercen-

50 2008 94 2072 dae
110 2015 280 2094 praefuerit.
310 2013 467 2079 Proximus
489 2015 565 2078 eninr
586 2033 679 2078 annun
699 2017 727 2078 is
749 2024 806 2090 est,
828 2035 887 2096 quo
906 2017 941 2095 Q.
956 2017 1076 2082 Mucius

49 2109 134 2177 drusi
161 2117 282 2196 college
312 2122 472 2198 perpetuus
497 2115 600 2178 Asiam
632 2115 841 2198 proconsulari
869 2133 908 2178 ex
935 2121 1078 2196 praetura

48 2211 152 2293 inperio
179 2218 259 2281 rexit
285 2234 349 2279 cum
374 2216 476 2296 legato
497 2215 531 2280 Ρ.
553 2215 675 2280 Rutilio.
718 2215 853 2298 Denique
881 2233 946 2279 curo
974 2214 1077 2279 audent

48 2310 75 2389 Q·
88 2315 184 2381 Mucio
207 2317 312 2380 consul
331 2325 447 2380 creatus
469 2325 514 2380 est
535 2335 564 2380 e.
580 2317 653 2383 659.
687 2315 720 2380 ln
741 2317 807 2398 ipso
831 2315 985 2378 consulatu
1003 2333 1076 2397 pro-

46 2413 152 2480 vinciam
174 2419 304 2484 Galliam
325 2419 445 2480 sortitus
467 2436 532 2480 cum
551 2419 629 2481 iusto
655 2403 948 2499 cupidior'triunpli
969 2433 1076 2480 cousus

45 2511 104 2577 lolli
124 2519 249 2598 gerendi
268 2519 359 2600 poulo
380 2519 575 2600 importunius
596 2519 718 2582 rimatus
739 2525 831 2594 esset,
859 2517 998 2598 triumphi
1019 2518 1075 2580 lto·

45 2631 103 2678 nore
121 2621 254 2700 priuatus
277 2627 321 2681 est
342 2621 517 2682 auctoritate
539 2619 690 2698 collegae:
717 2638 772 2682 nec
798 2627 895 2684 mmeu
921 2617 954 2680 id
973 2633 1075 2685 eorum

44 2717 174 2784 amicitiae
207 2719 315 2784 oilecit.
367 2720 504 2785 Valerius
537 2719 653 2800 quidem
684 2721 834 2784 Maximus
866 2736 921 2798 pro
954 2718 1075 2780 consule

45 2815 149 2882 Gallice
163 2819 306 2885 Crassum
332 2819 499 2900 praefuisse
520 2817 591 2882 dicit
604 2815 673 2898 (¹¹);
700 2820 753 2882 sed
779 2818 934 2882 aduersari
959 2816 1075 2880 ridemr

43 2915 179 2984 ticcmnis
201 2921 362 2982 auctoritas
382 2919 462 2998 laud
482 2919 574 2999 perulo
596 2920 727 2996 mador.
760 2917 832 2980 Cum
854 2917 930 2978 euim
948 2915 1076 2980 census

42 3016 76 3077 uir
92 3023 171 3103 opud
188 3037 289 3080 omnes
307 3017 425 3080 ordines
443 3019 644 3096 gratiosuset
664 3018 695 3080 iu
712 3024 813 3081 senatu
834 3021 939 3098 potens
955 3015 1075 3095 collega

41 3126 143 3184 auctore
159 3123 305 3183 honorem
319 3137 378 3181 non
388 3117 512 3198 adeptus
522 3116 652 3192 dicetur,
670 3116 816 3198 quonwdo
833 3116 947 3197 privari
962 3115 1006 3178 eo‘
1016 3117 1075 3179 uisi

41 3199 237 3284 posessione
253 3220 370 3302 potuit?
392 3226 422 3282 ct
438 3217 583 3300 quomodo
602 3218 775 3281 intercessio
792 3217 930 3296 collegae
946 3217 1075 3297 cogitari

38 3327 131 3396 potest,
149 3322 326 3402 nisiinipso
338 3319 537 3400 magistratui
557 3318 787 3382 Proconescuc
799 3319 935 3384 consules
948 3319 1074 3384 Graccus

39 3420 214 3486 etScaevoln
223 3423 354 3484 homiues
370 3419 589 3503 prudentissimi
602 3419 896 3501 imprudentissimum
912 3419 1010 3498 legem
1019 3419 1074 3480 Li-

38 3519 129 3584 ciniam
145 3522 280 3586 Muciam
296 3522 466 3598 tulere,-ue
484 3522 551 3602 quis
571 3538 628 3602 pro
646 3521 710 3584 ciue
732 3536 765 3582 se
786 3516 920 3598 gereret,
943 3518 995 3598 pri
1014 3533 1075 3578 uon

38 3628 103 3682 esset
122 3623 211 3686 mnis:
240 3641 300 3704 quc
325 3623 402 3702 lege
417 3623 492 3685 socii
514 3639 568 3704 spe
588 3621 743 3682 destitutos
769 3636 835 3682 sese
854 3617 986 3684 uidentes
1014 3633 1074 3680 noa

36 3718 212 3784 mediocriter
241 3723 356 3786 incitati
382 3739 448 3785 esse
474 3721 610 3784 dicuntur
636 3719 675 3782 ad
701 3719 813 3786 bellum
837 3719 971 3788 italicum
1001 3735 1073 3782 oon·

35 3814 150 3884 laudum
161 3818 225 3902 (¹²).
256 3823 393 3906 Denique
412 3825 558 3886 iunonem
579 3821 710 3884 cumulus
729 3820 840 3886 Gnosso
859 3821 985 3913 occessit
1004 3835 1073 3880 cen·

36 3920 235 3940 Ἢ

93 3981 121 4049 6)
140 3985 197 4039 Cic.
211 3985 288 4040 Brut.
303 3985 425 4052 43,161.
514 3984 542 4050 7)
560 3985 616 4038 Cic.
629 3983 664 4038 de
678 3979 729 4039 01¹.
741 3982 763 4038 1.
778 3981 826 4046 11,
838 3979 881 4034 45.
966 3977 996 4045 8)
1014 3977 1071 4030 Cic.

35 4061 250 4134 Brur.ca,1co.
336 4069 366 4138 9)
384 4071 402 4125 1.
415 4085 438 4124 c.
457 4069 480 4140 5.
498 4068 556 4125 151.
644 4068 690 4136 10)
705 4067 726 4122 l.
742 4085 768 4122 c.
854 4064 898 4132 11)
915 4059 1072 4116 Val'Mttx.

34 4144 72 4203 1ΙΙ.
88 4151 118 4218 7,
136 4151 178 4206 6.’
200 4153 304 4208 Contra
329 4155 395 4210 vide
419 4153 475 4208 (lle.
501 4154 529 4207 in
546 4151 676 4208 Pisonem
698 4170 722 4206 c.
740 4149 803 4206 16.Ῐ
873 4143 1073 4216 immanius

33 4233 62 4285 td
78 4235 270 4294 Cornelianum
288 4257 318 4311 p.
333 4239 377 4294 67.
395 4235 492 4294 lircil„

817 4284 888 4400 c!
