2660 4776
205 397 355 466 BREVIS
377 395 675 480 EL⁰QUENTldE
698 397 801 468 ROM.
822 399 931 468 nisu.
1030 403 1095 476 Μ

59 571 170 650 ingenia
195 577 224 631 ct
250 587 346 632 mores
368 577 480 645 essent,
508 571 576 654 ipsa
598 587 713 652 quoque
739 577 850 634 mutata
876 579 921 634 est
946 571 1096 656 adsmqns

58 681 182 734 naturam
208 677 236 732 ct
262 669 391 734 indolem
412 673 526 738 asciuit
568 674 673 736 Asiam
694 674 770 736 enim
794 669 927 736 homines
949 673 988 736 ad
1008 677 1096 738 tumi-

58 773 116 834 dum
136 771 281 854 quoddam
304 779 332 834 et
354 774 509 836 uerbosum
531 773 646 837 dicendi
670 791 762 854 genus
785 783 931 838 auctura
951 773 1036 850 iacti,
1062 775 1096 838 id

56 891 139 952 genus
167 871 283 936 dicendi
312 876 459 938 consecuti
487 883 569 951 sunt,
602 875 681 956 quod
708 877 835 951 crebris,
865 875 917 938 sed
943 875 1097 940 inutilibus

57 973 253 1037 sententiarum
275 975 454 1038 acuminibus
476 985 504 1040 et
520 977 675 1040 uerborum
693 977 809 1040 flumine
829 977 924 1055 magis
947 978 1096 1042 concitato

58 1093 132 1154 quan
158 1072 280 1155 limpido
310 1075 348 1137 ab
374 1078 473 1140 Attica
501 1080 627 1141 sanitate
652 1079 807 1160 plurimum
834 1076 967 1142 distaret.
1007 1077 1095 1160 Apud

56 1175 237 1238 Athenienses
259 1177 386 1240 enimin
408 1197 518 1242 summa
539 1179 673 1242 ubertate
695 1187 724 1243 et
745 1180 832 1261 copia
851 1173 954 1242 modus
976 1178 1095 1260 quidam

56 1277 209 1352 tenebatur,
240 1295 277 1340 ne
299 1278 369 1358 quid
390 1281 597 1344 sententiarum
620 1299 680 1344 non
706 1279 828 1344 adrem
851 1280 1027 1362 pertineret,
1055 1297 1096 1342 ne

55 1377 135 1440 rerba
162 1377 265 1460 plura,
295 1397 382 1460 quam
408 1400 457 1444 res
484 1383 663 1464 postularet,
691 1381 809 1456 tierent,
844 1398 882 1444 ne
909 1381 956 1444 rei
982 1381 1096 1446 ueritas

55 1479 199 1543 uerborum
217 1488 330 1544 tumore
352 1489 382 1544 et
399 1483 527 1546 elatione
549 1485 757 1548 obscuraretur
773 1479 836 1562 (Π).
866 1479 976 1545 Rhodii
996 1489 1094 1544 autem

55 1587 193 1657 oratores,
219 1599 342 1662 quorum
357 1581 396 1646 ad
409 1585 584 1648 Aeschinem
597 1585 718 1650 Athenis
736 1571 840 1666 sponte
856 1584 986 1646 exsulem
1004 1584 1094 1664 origo

54 1681 185 1758 refertur,
208 1683 343 1746 saniores
366 1693 449 1748 erant
474 1694 502 1748 et
522 1687 684 1750 Atticorum
705 1686 862 1750 similiores
876 1681 939 1763 (⁷³).
981 1685 1093 1748 llarum

52 1783 211 1846 scholarum
232 1785 401 1864 cognitione
425 1788 526 1850 imbuti
550 1787 675 1851 Romani
697 1787 751 1848 alii
771 1787 848 1848 alius
875 1785 1093 1850 similitudinem

53 1885 247 1961 sectabantur,
280 1903 374 1968 eaque
406 1886 566 1952 studiorum
600 1889 756 1976 diversitas
785 1887 929 1950 Cicerone
960 1887 992 1950 in
1022 1887 1094 1950 loro

52 1994 187 2063 regnante
213 2004 338 2049 summas
369 1995 519 2051 oratorum
549 1989 626 2051 inter
654 2005 686 2051 se
713 1989 914 2051 contentiones
944 1988 1093 2052 excitauit.

50 2084 216 2150 Hortensius
232 2087 322 2164 enim,
345 2087 384 2150 ad
400 2107 485 2170 quem
501 2089 683 2170 principatus
700 2088 815 2151 dicendi
835 2086 991 2150 secundum
1006 2087 1093 2151 Giae·

50 2203 141 2251 ronem
161 2189 273 2252 referri
292 2188 382 2265 salet,
402 2190 507 2253 Asiani
524 2189 643 2269 generis
662 2190 839 2252 imitatorem
857 2189 927 2268 egit.
958 2187 987 2250 ls
1006 2205 1092 2252 cursu

49 2290 199 2354 uerborum
222 2291 337 2354 actione
356 2299 479 2355 venusta
495 2309 568 2356 voce
588 2309 698 2370 magna
720 2300 749 2354 et
769 2291 854 2355 suasi
875 2289 990 2352 adiutus
1007 2288 1092 2352 sudi·-

49 2392 152 2454 toribus
176 2393 304 2454 incultis·
314 2392 468 2473 placebat,
493 2395 532 2456 ab
553 2393 761 2457 eruditioribus
784 2392 991 2467 damnabatur,
1013 2390 1093 2473 apud

49 2493 245 2569 posteritatem
275 2492 350 2554 adeo
379 2513 438 2556 non
461 2496 567 2570 ualuit,
595 2503 628 2558 ut
648 2495 797 2560 orationes
817 2494 968 2557 llortensii
988 2493 1092 2574 paucis

48 2589 136 2655 lectae
164 2611 237 2655 mox
268 2604 484 2658 evanescerent.
529 2597 637 2660 Caluus
666 2605 762 2658 autem
786 2597 873 2657 bomo
901 2603 930 2656 et
956 2595 1091 2656 literatus

49 2699 73 2752 et
98 2693 261 2769 studiosus,
294 2713 357 2756 oum
381 2698 492 2760 uiribus
522 2715 627 2777 parum
651 2697 766 2760 ualeret
795 2703 824 2758 et
855 2711 948 2774 genus
976 2693 1093 2757 dicendi

48 2793 225 2856 emendatum
242 2795 357 2876 quidem
375 2803 404 2858 et
419 2796 563 2871 limatum,
582 2795 703 2857 seduco
717 2798 873 2860 uehemens
890 2812 945 2855 nec
956 2794 1092 2856 doridum

48 2896 135 2974 magis
163 2904 272 2958 natura
293 2914 381 2976 quam
400 2895 550 2960 uoluntate
574 2903 806 2969 consectaretur,
833 2911 885 2955 eos
905 2895 1094 2974 vituperabat

49 3001 72 3056 et
89 2997 127 3058 ab
144 2997 247 3058 Attica
270 2997 395 3058 sanitate
416 2995 530 3057 alienos
552 2992 716 3069 indicabat,
739 2995 789 3074 qui
811 2995 980 3056 commotius
997 2994 1092 3075 quod·

48 3093 105 3159 dam
137 3103 170 3158 et
198 3094 237 3156 ad
258 3097 370 3160 animos
396 3093 562 3158 incitandos
583 3095 829 3160 accommodatius
859 3094 974 3156 dicendi
999 3113 1093 3174 genus

48 3197 178 3280 exemplo
203 3214 256 3258 suo
278 3197 527 3262 commendarent:
552 3195 630 3278 quod
650 3197 776 3260 maxime
794 3196 920 3260 omnium
939 3195 1093 3262 Ciceronis

48 3306 113 3362 erat.
159 3297 235 3360 Hine
254 3298 375 3366 Brutum
397 3299 498 3363 iudicii
518 3301 564 3362 sni
584 3289 703 3362 socium·
718 3305 747 3362 et
768 3305 933 3361 consortem
953 3299 1093 3375 habebat,

47 3397 73 3460 in
91 3400 155 3462 alia
179 3401 454 3469 naturaroluntate
478 3409 576 3465 tamen
597 3385 729 3464 similem.
775 3397 883 3464 curus
906 3400 996 3476 enim,
1026 3418 1092 3464 cum

46 3508 147 3564 natura
169 3517 240 3564 acer
267 3508 296 3563 ct
316 3503 471 3565 rebemens
495 3511 588 3579 esset,
617 3503 676 3566 uim
699 3501 790 3562 animi
815 3499 938 3562 dicendo
961 3517 1093 3582 aequam

47 3617 100 3662 non
119 3609 257 3682 poterat;
285 3620 343 3682 qua
362 3621 396 3666 re
418 3603 497 3684 quod
517 3604 659 3684 consequi
678 3619 739 3664 non
758 3608 877 3683 poterat
896 3601 998 3666 uerbis
1020 3613 1092 3664 aun-

46 3702 197 3765 temnebat.
239 3703 348 3765 Brutus
382 3711 478 3766 autem
508 3701 659 3768 sentiendo
696 3709 725 3765 et
754 3700 891 3765 iaciendo
923 3702 1091 3768 Stoicorum

47 3803 131 3864 animi
162 3805 338 3884 aequitatem
371 3805 569 3887 exprimebat!
599 3813 632 3866 ut
663 3805 692 3868 ei
721 3821 770 3866 res
801 3804 925 3883 indigna
956 3807 1091 3886 sapiente

46 3902 192 3967 uideretur
210 3891 383 3970 delectando
405 3915 456 3970 aut
472 3905 614 3970 mouendo
636 3905 727 3968 indici
747 3905 820 3966 dare
837 3921 959 3986 operam
981 3903 1090 3966 etalio

46 4004 129 4066 modo
158 4024 244 4086 mam
271 4007 404 4072 docenda
423 4009 547 4073 recitate
574 4007 728 4089 prolicere.
770 4005 805 4067 In
827 4021 862 4066 eo
889 4003 983 4081 igitur
1003 4003 1090 4068 Cice·

46 4141 252 4157 ..ι-ι*-

112 4218 475 4292 mmmmm
562 4212 909 4290 mmmmm
