2646 4772
280 325 378 404 838
603 319 1015 400 Exeulonulouss

363 496 445 564 xxi
487 497 538 562 81.
581 498 634 560 aa
650 503 716 562 otuu
738 499 852 577 06166]
875 499 950 564 hacc
970 497 1087 564 minima
1106 515 1282 580 superuacuo

282 607 361 676 sunt,
389 597 442 662 sed
467 615 562 682 prope
591 599 771 670 neccssaria.
812 601 909 666 Antea
934 601 1011 670 euim
1035 617 1100 670 cum
1125 607 1173 666 aut
1192 601 1282 666 66166

282 701 395 766 (latona
425 707 476 764 cut
504 702 645 784 aequales
674 710 725 764 aut
754 708 834 772 carte
859 702 1008 784 principes
1035 709 1064 764 at
1089 702 1235 765 honoratos
1253 719 1282 762 rc-

281 803 457 878 censuisset,
478 820 554 866 uunc
576 802 614 868 ad
631 803 761 868 iuniores
783 801 886 866 eodem
906 802 1068 866 studiorum
1090 809 1119 866 et
1135 801 1222 865 laudis
1238 819 1281 864 cor·

280 903 373 968 soatio
396 901 641 968 conmendabiles
661 903 776 968 transit.

365 1022 403 1082 A.
415 1021 547 1102 Albium]
566 1039 626 1086 cos.
644 1040 671 1086 a.
686 1023 765 1101 coa,
786 1038 836 1086 ros
852 1020 1001 1086 Romanas
1018 1021 1132 1086 Graeca
1145 1017 1282 1102 perscripsit

281 1119 319 1184 dc
336 1140 396 1204 qua
414 1123 573 1206 scriptione
585 1121 705 1188 Catonis
721 1121 860 1186 iudicium
877 1129 1103 1187 commemorant
1116 1121 1213 1200 Polyi.
1222 1117 1258 1180 111.
1266 1120 1281 1178 i.

280 1221 457 1290 Plutarchus
479 1222 543 1290 (lat.
556 1223 602 1288 M.
624 1227 673 1288 12.
697 1231 725 1286 ct
747 1222 981 1290 callinicus.
1022 1222 1109 1286 Alius
1129 1221 1239 1285 Albinus
1252 1235 1282 1278 ro·

281 1324 359 1386 minc
386 1332 470 1388 teuns
496 1332 582 1389 notus
611 1341 660 1388 res
686 1323 835 1390 Romams
861 1324 969 1388 Latium
997 1341 1132 1388 sermone
1158 1327 1281 1406 persecuto

282 1431 341 1486 est:
368 1442 396 1488 r.
417 1425 555 1492 Macroh.
577 1425 640 1492 Sat.
662 1424 700 1496 11.
720 1427 788 1500 tc„
817 1425 869 1506 qui
894 1425 1010 1506 quidem
1030 1424 1174 1508 Nepotem
1198 1419 1281 1484 inuiis

280 1522 445 1588 illustribus
472 1533 588 1588 secutus
615 1533 669 1589 est.
694 1561 733 1572 -
768 1525 969 1585 8661161666
997 1525 1119 1584 1166666
1146 1519 1236 1586 consul
1252 1517 1281 1578 lul

282 1643 312 1688 a.
334 1627 411 1700 619,
440 1629 501 1685 Sar.
524 1627 630 1686 Fabios
657 1631 754 1686 lictor
781 1633 904 1712 praetor
931 1643 959 1687 a.
982 1627 1062 1700 6093
1095 1619 1281 1702 distinguendo

281 1734 380 1788 monet
400 1727 540 1808 Meyerus
568 1747 587 1789 a
615 1726 651 1804 Q.
673 1725 767 1790 Fahio
794 1727 1002 1788 historicorum
1027 1725 1221 1789 Romanorum
1240 1719 1280 1782 ari·

282 1827 438 1906 quissimo,
473 1829 550 1890 idom
580 1827 619 1890 ad
645 1827 729 1890 'ullum
756 1827 889 1891 referens
918 1845 996 1908 qnae
1024 1845 1063 1888 ex
1089 1827 1220 1893 Varrone
1240 1816 1281 1900 apul

281 1925 408 1993 Nouium
428 1946 457 2011 p.
481 1931 553 1994 618.
576 1929 649 1998 644.
671 1929 743 1990 223.
777 1927 904 1992 Gallium
924 1928 947 1991 1.
973 1931 1022 1990 12.
1053 1926 1094 1990 X.
1120 1927 1185 2003 15,
1210 1925 1280 1987 rom

281 2045 313 2110 p.
331 2031 403 2093 216.
426 2029 471 2094 ed.
488 2029 591 2105 Liuii,
614 2029 750 2094 Serrium
770 2030 802 2091 iu
824 2029 934 2108 Georg.
956 2027 979 2090 1.
1002 2029 1053 2091 21.
1079 2036 1110 2091 61
1132 2045 1171 2090 ex
1189 2019 1282 2089 librislt

281 2129 346 2192 iure
368 2129 517 2212 pontificio
540 2131 619 2213 apud
637 2129 825 2196 Macrobium
847 2129 911 2194 Sat.
930 2129 981 2192 111.
997 2134 1027 2192 2.
1059 2129 1188 2193 Nonium
1206 2145 1230 2209 p.
1243 2121 1278 2185 ili·

281 2229 430 2311 leguntur.
457 2265 501 2282 ·-
535 2235 568 2304 Q.
591 2231 698 2292 Fabios
723 2231 831 2309 Labeo]
866 2229 1049 2294 consulatum
1081 2231 1180 2310 gessit
1208 2247 1230 2290 a
1245 2224 1280 2287 ill·

281 2329 407 2394 Doctum
424 2332 571 2412 significat
587 2333 699 2397 Santra
713 2330 793 2413 apud
808 2331 930 2396 Sacton.
945 2333 997 2396 rit.
1014 2332 1139 2396 Terent.
1156 2334 1201 2407 4.,
1218 2319 1282 2392 ahlotl

282 2431 332 2496 uel
352 2433 486 2516 Sulpicio
510 2433 597 2500 Gallo
619 2433 789 2497 Terentium
812 2433 907 2513 magis
930 2434 1060 2515 potuisse
1083 2431 1220 2498 adiuuari
1234 2431 1278 2488 teh-

281 2541 345 2610 121,
364 2552 451 2616 quam
469 2535 642 2618 aScipiouc
654 2533 813 2612 Laelioua,
831 2536 882 2618 qui
897 2543 966 2598 tunc
983 2533 1202 2601 adolescentuli
1213 2529 1279 2616 lucu,

371 2669 563 2750 6666616]
586 2678 780 2752 cognomento
796 2670 1009 2740 Macedonicus
1027 2688 1088 2733 cos.
1108 2689 1139 2732 a.
1157 2671 1226 2740 611,
1239 2665 1274 2744 pil·

282 2785 370 2852 quam
386 2767 422 2834 he
438 2771 689 2856 Pseudophilippo
705 2773 875 2853 praetorius
891 2771 1088 2854 triumpharat
1105 2790 1137 2835 a.
1156 2771 1223 2834 668.

281 2877 351 2936 tuor
378 2871 441 2936 eius
461 2872 517 2934 ilii
538 2873 710 2936 consulares
732 2873 866 2948 fuerunt,
894 2873 929 2951 Q.
950 2872 1144 2949 Balearicus,
1171 2871 1204 2935 h.
1221 2867 1244 2929 lii

282 2979 393 3050 matus,
414 2973 458 3038 M.
481 2980 511 3036 et
531 2973 564 3040 G.
585 2973 718 3050 Metelli,
747 2991 807 3038 cos.
831 2991 858 3037 a.
877 2975 956 3050 631,
978 2975 1050 3049 637,
1071 2975 1157 3050 639,
1179 2973 1237 3035 641.

280 3071 471 3140 Macedonici
487 3075 631 3144 felicitate
651 3075 733 3137 multi
756 3075 861 3138 multa:
887 3093 915 3141 u.
936 3075 1014 3140 Veli.
1035 3074 1058 3138 1.
1078 3075 1140 3152 11,
1160 3077 1191 3138 6.
1210 3077 1231 3134 61

283 3173 457 3254 collegimus
478 3176 510 3238 iu
530 3175 647 3258 Explic.
670 3175 709 3238 ad
731 3175 767 3238 de
788 3177 840 3240 0r.
863 3175 886 3238 1.
908 3177 965 3252 48,
988 3179 1061 3238 211.

368 3291 419 3355 82.
462 3295 499 3353 L.
524 3294 615 3372 6666]
647 3311 708 3358 cos.
731 3313 759 3356 a.
781 3295 858 3370 6103
891 3294 1026 3356 tribunus
1052 3293 1140 3357 male
1163 3244 1256 3372 gessit¹

152 3478 156 3484 Ι
282 3391 431 3478 publicam
452 3410 480 3454 a.
502 3396 583 3470 60ος
610 3414 638 3459 u.
661 3393 728 3461 Val.
749 3394 835 3457 Max.
856 3393 905 3461 Vl.
928 3396 963 3472 6,
982 3396 1014 3458 4.
1056 3394 1107 3458 116
1137 3412 1175 3456 66
1199 3388 1240 3452 alt

281 3493 446 3562 Viriathum
467 3495 604 3564 mittendo
628 3496 735 3560 dictum
752 3503 796 3558 est
810 3493 946 3560 Africani
967 3493 1045 3578 apud
1063 3495 1196 3560 eundem
1213 3485 1250 3554 scri

282 3610 345 3656 rem
359 3593 408 3659 Vl.
425 3596 461 3670 4,
478 3599 507 3657 2.
528 3629 569 3642 -
588 3595 636 3659 116
651 3597 753 3658 nacco
775 3597 964 3671 6111166666
984 3595 1052 3662 uide
1073 3583 1248 3678 prorogat

282 3700 313 3758 ct
335 3695 384 3758 lc.

325 3857 330 3863 .
366 3809 539 3890 (1616666116
560 3813 716 3894 cratonum]
745 3813 856 3876 iuius-la
875 3831 972 3875 acrum
993 3833 1049 3902 pro
1073 3823 1246 3877 oraturos.

281 3910 375 3978 voluit
390 3911 546 3978 Ernestus:
569 3915 708 3998 opposita
729 3915 805 3978 anim
821 3922 888 3979 sunt
906 3915 1032 3980 intense
1053 3915 1242 3980 6666666661

282 4021 374 4088 turon
396 4032 434 4078 cx
453 4015 515 4080 illis
536 4017 613 4080 enim
634 4015 672 4080 de
691 4016 795 4080 horum
816 4017 937 4098 iugenio
959 4017 1165 4084 existimatum.

368 4134 431 4194 66.
456 4133 558 4213 Gutta]
580 4133 770 4216 usprolegg.
792 4135 821 4222 p.
846 4137 897 4200 16.
