2646 4772
227 407 324 482 aba
546 395 950 469 Eerrerrrorrrrs

226 579 274 644 IV.
294 580 351 652 22,
368 574 403 639 5:
432 573 580 635 eddiderat
600 578 712 652 topasio
731 593 816 635 saeoo
836 574 916 634 malo
937 575 1098 633 ooeotmtis:
1124 572 1251 636 desideres

227 683 410 740 oooemaroot.
453 673 493 738 Et
518 676 584 757 ipse
613 673 718 739 Gieero
740 691 766 738 e.
788 675 846 749 76,
869 676 949 738 266:
977 675 1114 734 sileamus
1138 675 1172 733 de
1194 677 1250 745 oro,

226 799 261 840 ae
276 795 430 856 oopaomos
441 775 565 837 dham
572 799 582 851 ς
600 792 768 858 mononem
785 775 908 838 interest
921 773 1036 857 aliquid
1051 775 1129 838 iuter
1139 774 1251 839 dolorem

226 887 257 943 et
276 879 448 942 molestiam.
1085 859 1088 870 ’

309 984 416 1040 anama
430 1011 473 1024 -
489 977 606 1055 mem]
627 985 696 1058 post
713 975 895 1040 consulatum
913 975 1019 1042 Cicero
1038 993 1103 1039 oum
1113 977 1252 1040 llontensio

226 1081 415 1146 consiliorum
436 1085 466 1142 et
485 1079 623 1142 laborum
638 1077 816 1141 oonsortium
831 1078 948 1154 babuit,
970 1095 1035 1140 oum
1050 1086 1140 1142 autea
1154 1079 1254 1142 multon

225 1181 427 1245 dissedissent:
451 1200 479 1244 x.
500 1181 584 1244 Brut.
605 1197 630 1242 o.
656 1181 708 1242 94.

311 1285 341 1345 3.
385 1283 521 1342 lautorum
546 1280 661 1358 metam]
692 1279 765 1342 mire
793 1279 924 1360 explieat
948 1280 1089 1360 Meyerus
1119 1281 1209 1362 quasi
1231 1278 1255 1340 le

225 1383 361 1448 feliciore
389 1389 543 1464 poetarum
572 1386 653 1444 sorte
680 1379 797 1443 dietum.
841 1380 902 1444 Sed
930 1381 1004 1442 nihil
1033 1381 1157 1456 certius,
1188 1398 1256 1462 quan

224 1484 391 1557 Romanos,
424 1499 488 1544 oum
514 1499 573 1544 non
602 1481 733 1544 solerent
758 1489 853 1558 artes,
885 1481 943 1544 nisi
968 1480 1008 1543 ad
1034 1499 1096 1544 rem
1124 1483 1257 1564 publioan

226 1583 386 1664 gerendam
401 1599 525 1663 graues,
543 1583 615 1644 satis
631 1584 776 1646 iactanter
787 1582 956 1664 despexisse
968 1583 1107 1664 quiequid
1123 1585 1258 1664 ingenium

225 1687 372 1750 homiuum
394 1685 480 1767 quusi
499 1685 530 1746 in
549 1685 694 1766 priuatam
716 1684 941 1746 oblectationem
956 1692 1125 1759 exerceret,
1148 1669 1259 1748 maxim

224 1788 328 1871 poesin
350 1794 379 1848 at
400 1784 542 1867 pingendi
562 1784 748 1866 fingendique
769 1783 932 1847 artificium.
968 1784 1080 1848 Eadem
1101 1787 1203 1850 studia
1218 1791 1259 1847 int

223 1909 297 1950 ooro
324 1888 458 1949 dicuntur
486 1904 511 1948 e.
539 1888 594 1962 18,
615 1889 685 1961 70„
713 1887 864 1946 osedloores
892 1895 969 1946 ortes
994 1886 1031 1948 de
1059 1888 1111 1952 Or.
1140 1889 1165 1950 I.
1189 1895 1222 1965 2,
1241 1892 1260 1952 6.

224 1989 319 2054 Paulo
347 1987 435 2050 aliter
464 1989 572 2047 bolom
590 1985 724 2049 dicuntur
747 2003 864 2048 carmen
885 1987 933 2050 rel
953 1989 1117 2052 orationem
1140 1993 1260 2055 seribere

224 2098 275 2154 out
295 2091 412 2169 legere,
432 2089 497 2150 Fiu.
521 2087 634 2170 1133,
658 2089 743 2162 107.;
767 2089 876 2170 quippe
899 2096 1072 2170 eomparata
1091 2109 1157 2153 curn
1177 2095 1261 2156 studio

224 2192 387 2274 sapientiae
418 2197 447 2253 et
473 2189 598 2252 uirtutis.
649 2189 786 2253 Ceterum
812 2187 976 2270 Sophocles
1006 2197 1035 2250 et
1060 2192 1094 2254 Io
1121 2193 1263 2276 Euripidis

223 2293 347 2356 decessu
374 2291 504 2356 doluisse
530 2291 679 2364 seruntur,
710 2290 854 2369 Virgilius
879 2309 899 2352 a
923 2289 1037 2366 inultis,
1068 2293 1206 2358 Tibullus
1235 2297 1279 2370 ab¹

224 2393 329 2458 Ouidio
350 2393 442 2472 longo
464 2393 592 2454 carmine
614 2389 726 2471 (Amor.
748 2391 799 2454 111.
821 2389 868 2468 9.)
889 2391 1019 2454 defletus.

308 2496 339 2556 4.
383 2497 465 2552 cessit
482 2512 496 2551 o
513 2493 583 2570 otto]
608 2487 703 2569 ἅπαξ
718 2484 889 2577 εἰρημένον
908 2492 979 2555 dixit
998 2494 1146 2571 Orellius;
1164 2499 1265 2562 refutat

223 2594 364 2674 Meyerus
395 2593 547 2657 Gioeronis
576 2593 752 2655 auctoritate
780 2593 868 2655 Tuae.
895 2592 918 2656 1.
951 2593 1006 2669 15,
1034 2596 1086 2660 35.
1116 2606 1146 2660 et
1176 2601 1265 2663 Taciti

222 2695 296 2758 llist.
318 2693 354 2758 11.
378 2693 429 2758 55.
472 2693 539 2756 Non
559 2693 685 2756 dixerim
708 2691 739 2755 id
765 2693 862 2772 figura
891 2695 1017 2759 conuiuii
1037 2698 1087 2760 uel
1108 2699 1265 2766 deversorii

221 2798 289 2874 niti,
317 2804 351 2858 ut
377 2797 472 2860 risum
497 2794 705 2876 Bernhardpo:
733 2813 802 2857 narn
829 2812 905 2875 quae
929 2797 956 2857 is
984 2799 1123 2881 exempla
1151 2804 1266 2866 eontulit

220 2897 338 2962 Horatii
361 2896 455 2962 Serm.
477 2896 500 2959 l.
525 2900 554 2961 1.
579 2907 653 2960 extr.
678 2895 747 2959 ooll.
775 2895 838 2959 (lio.
866 2896 932 2959 Gal.
954 2899 1023 2974 23„
1054 2917 1091 2962 ea
1120 2920 1181 2965 non
1200 2923 1266 2986 pro-

219 3000 335 3074 hibent,
366 3018 425 3080 quo
454 2999 547 3061 rniuus
575 2998 724 3061 debonis
751 2996 917 3060 amittembs
937 3007 1019 3062 reete
1040 3000 1100 3064 diei
1121 3004 1265 3082 viduatum

221 3107 250 3164 et
270 3102 312 3164 sio
333 3101 473 3164 Horatius
495 3100 594 3164 Germ.
619 3098 656 3162 11.
681 3102 717 3173 3,
741 3101 791 3162 17.

304 3200 342 3264 11.
386 3203 416 3264 e.
459 3201 554 3275 [oram
577 3233 617 3244 —
642 3200 781 3278 orborum]
808 3217 872 3262 oum
896 3199 995 3263 libera
1019 3205 1178 3285 republica
1199 3215 1264 3282 erat,

221 3309 356 3366 oratores
386 3303 536 3364 contiones
560 3301 721 3380 regebant,
749 3300 779 3362 in
801 3307 904 3362 senatu
926 3302 1169 3383 dominabantur,
1196 3309 1265 3370 iudi·

220 3421 284 3464 oum
312 3403 471 3464 sententias
501 3421 556 3465 sna
582 3419 656 3465 roeo
687 3402 899 3483 temperabunt.
949 3403 1032 3466 Turre
1060 3423 1135 3469 uero
1162 3409 1266 3472 Gaesao

218 3505 265 3566 ius
295 3504 410 3566 dicebat
436 3505 517 3585 ipse,
549 3504 670 3584 eiusque
691 3510 762 3565 nutu
790 3504 878 3565 etiem
905 3504 936 3564 iu
956 3503 1075 3568 iudioiis
1098 3510 1206 3590 eapitis
1225 3511 1263 3572 rei

219 3603 449 3669 absolvebantur
474 3604 524 3666 sel
544 3602 822 3668 condemnabantur.
866 3605 984 3668 Similia
1004 3609 1140 3687 queritur
1164 3611 1202 3674 de
1221 3629 1262 3674 re-

218 3702 339 3784 publioa
360 3721 386 3766 o.
408 3707 438 3765 6.
469 3704 544 3783 Epp.
565 3703 604 3765 ad
624 3705 691 3768 Diu·
713 3704 757 3766 Χ.
774 3707 802 3766 1.
834 3703 901 3766 Xll.
924 3707 972 3768 18.

304 3807 386 3881 quast
413 3804 562 3881 rboomsou]
594 3804 696 3866 eadem
722 3805 916 3891 translatione
944 3806 1052 3869 Graeci
1078 3816 1214 3874 utuntur:
1239 3829 1260 3874 r.

215 3903 470 3984 ‚Wyttenbaohium
493 3904 533 3966 ad
552 3905 630 3968 Plut.
655 3906 802 3986 Apophth.
832 3905 907 3984 Reg.
931 3913 960 3967 et
980 3906 1055 3969 Duo.
1077 3927 1108 3989 p.
1134 3912 1259 3988 178,1.

216 4005 293 4064 [thud
321 4006 470 4085 ingenium
493 4013 538 4067 est
562 4004 655 4078 illud,
680 4005 765 4084 ¹quod
785 4023 885 4068 ornnes
909 4015 1017 4068 norunt
1037 4019 1165 4092 propter
1183 4028 1259 4094 prae·

216 4106 367 4180 stantiam,
396 4107 418 4168 i.
446 4123 472 4168 e.
500 4123 653 4184 maguum:
681 4105 758 4167 male
787 4106 937 4186 explicant
965 4109 1116 4174 Matthiae
1144 4112 1185 4176 ad
1209 4111 1259 4175 Gir.

210 4203 306 4268 Raso.
328 4208 385 4281 34,
403 4204 456 4269 95.
477 4213 507 4268 et
526 4205 800 4290 Baumstarkiusp.
825 4209 875 4271 19.
