2660 4776
206 429 353 500 BliEVlS
375 429 673 515 uuooouuntuss
696 433 799 503 leont.
820 433 930 505 lllS'l‘.
1013 439 1093 514 nti

64 603 194 667 sisterent.
235 602 296 668 Sed
321 606 353 668 in
378 606 567 689 resupinis
592 607 678 671 iniat
706 607 811 688 gentili
831 609 984 674 traotando
1006 609 1090 674 illam

63 703 199 785 Sulpiciae
213 705 346 770 iamiliae
360 713 476 788 partem
496 707 535 772 ad
549 709 665 790 plebem
686 709 828 772 transisse
842 707 938 772 uideri
954 709 1091 777 diximus.
1190 737 1192 747 ·

63 803 100 867 lie
118 806 179 870 Ser.
200 805 326 887 Sulpicii
351 808 512 871 honoribus
539 818 608 872 ante
634 817 804 892 praeturam
825 811 917 890 gestis
938 827 997 874 non
1021 830 1092 876 oon·

63 912 117 968 stat.
156 907 327 970 Praeturam
354 915 452 972 autem
481 927 558 972 anuo
587 919 655 992 post
681 911 852 974 Gioeronem
879 911 1093 976 administravit

63 1023 85 1066 a.
103 1007 159 1070 689
184 1015 214 1070 et
238 1009 405 1090 quaestmni
431 1009 467 1073 de
493 1011 632 1093 peculatu
659 1011 788 1094 praefuit
806 1007 877 1090 (aa)3
907 1013 1092 1076 oonnnlatnm

62 1107 187 1171 Gioerone
212 1109 335 1174 eonsule
364 1112 394 1172 iu
421 1129 527 1173 anunm
554 1117 722 1193 mouentem
746 1113 851 1194 petirit
880 1121 908 1176 et
935 1120 1090 1194 superatus

61 1207 226 1288 designatum
252 1213 470 1292 oompetitorem
491 1213 527 1275 L.
548 1213 705 1278 Murenam
728 1213 766 1278 de
787 1215 897 1278 ambitu
917 1230 1000 1276 reum
1020 1213 1093 1280 ieoit

59 1325 103 1388 per
120 1309 181 1372 Ser.
204 1310 297 1374 stium
316 1313 363 1376 Μ.
379 1313 520 1377 Catonem
541 1322 609 1377 tuno
629 1315 776 1378 ulianam
798 1324 827 1379 et
847 1315 1090 1379 moeremium.

59 1409 136 1486 Quem
156 1411 329 1476 defendente
351 1411 496 1478 Gioerone
522 1432 586 1478 oum
607 1415 747 1480 damnare
768 1435 827 1480 non
848 1417 1007 1500 potuisset,
1034 1416 1090 1478 aln-

58 1512 121 1574 ieota
139 1515 309 1578 oonsulatus
331 1531 384 1596 ape
401 1515 501 1579 deoem
519 1518 605 1579 annia
622 1519 812 1600 sementibus
828 1525 919 1581 totum
940 1533 973 1580 se
989 1516 1089 1582 oensis

58 1613 163 1692 modis
184 1623 212 1678 et
235 1616 441 1697 respondendo
470 1617 508 1680 de
533 1617 598 1682 inne
619 1617 713 1696 dedit,
744 1621 776 1682 in
801 1637 861 1701 quo
883 1635 1003 1681 munere
1029 1635 1089 1680 non

58 1715 219 1795 smgdarem
249 1715 335 1780 modo
369 1718 533 1794 amentiam,
566 1720 618 1782 sed
644 1722 732 1782 edam
760 1737 860 1783 raram
890 1720 1090 1798 integritatem

57 1818 200 1881 ostendisse
225 1817 324 1880 ierim
342 1814 405 1898 (ἃ).
450 1819 562 1884 Consul
589 1822 682 1901 igitur
708 1837 774 1884 oum
794 1821 839 1884 Μ.
857 1819 1007 1883 Marcello
1032 1818 1090 1880 init

57 1918 99 1978 ruis
122 1919 187 2002 ipsa
205 1917 283 1982 belli
304 1920 399 1984 uirilis
419 1921 505 1984 initia
527 1939 555 1986 a.
570 1925 642 1986 tos.
685 1922 718 1986 ln
743 1922 801 1984 lroo
825 1921 1001 1999 magistratu
1022 1926 1089 1982 tan·

56 2032 127 2096 poan
150 2025 350 2082 annotatorem
375 2021 511 2102 increpat
531 2019 651 2084 aarum
674 2019 714 2084 ad
734 2020 923 2094 ciceronem,
951 2021 1001 2099 spui
1027 2026 1090 2082 tum

56 2117 162 2184 Gilioiae
184 2127 344 2202 praeerat,
373 2121 516 2184 renidens.
557 2121 723 2186 Verebatur
750 2122 826 2183 enim
854 2120 1013 2184 Gaesarem
1041 2117 1089 2180 oi·

53 2217 156 2283 lendere
175 2222 207 2284 in
225 2221 384 2284 sortiendis
401 2223 563 2304 proriuoiis
579 2230 609 2285 et
620 2217 748 2286 Parthos
763 2229 832 2302 pust
845 2219 949 2285 (trasei
965 2226 1088 2282 mortem

54 2317 144 2397 Syriae
161 2323 347 2385 imminentes
361 2321 483 2386 timebat
497 2319 561 2403 (⁵⁷).
594 2319 681 2388 Bello
705 2331 809 2404 ooepto
828 2321 967 2386 Caesaris
986 2329 1088 2404 partes

54 2425 176 2500 tauquam
200 2424 365 2486 tutissimas
390 2425 543 2506 amplexus
572 2441 637 2488 oum
658 2424 728 2486 aliis
750 2424 971 2499 consularibus,
997 2430 1030 2485 nt
1050 2421 1087 2484 1..

52 2517 171 2586 lioloatio
202 2527 232 2586 et
257 2524 292 2587 ia
317 2522 464 2602 (lassare,
495 2527 583 2588 etiam
608 2525 700 2588 ilium
728 2527 933 2606 cognominem
961 2525 993 2586 in
1022 2523 1087 2586 eins

52 2627 135 2684 omina
160 2625 255 2686 misit:
284 2625 364 2706 quod
389 2641 448 2689 uon
473 2627 584 2690 iniuria
609 2627 797 2708 reprehendit
819 2626 925 2692 Gioero
953 2624 1087 2706 momnis

51 2720 102 2801 ipse
127 2724 261 2788 desultor
286 2729 393 2808 partim
417 2727 663 2807 Pompeianarum
682 2723 746 2805 (ὃς).
786 2727 858 2790 inde
880 2727 993 2791 (laeam
1020 2743 1086 2786 euru

51 2819 167 2888 dalaiae
199 2826 351 2905 regendae
381 2827 542 2908 praeierit,
575 2841 613 2888 ex
644 2845 704 2907 qua
733 2827 889 2908 modnoia
914 2826 1087 2889 Ciceronem

51 2924 162 3004 epistola
184 2925 222 2988 de
238 2935 331 2988 morte
347 2925 468 2988 Tndliae
489 2925 658 2988 consolatus
674 2934 733 2999 est,
755 2943 833 3006 quae
850 2933 956 3006 manto
975 2924 1085 3005 episto-

50 3021 129 3089 larum
150 3027 247 3090 'huius
276 3026 354 3088 liure
382 3025 499 3087 inolusa
524 3025 645 3102 legitur.
694 3023 769 3088 ilino
795 3025 919 3086 Romam
948 3037 1086 3088 resersus

51 3123 131 3190 oooiso
166 3125 314 3186 dictatore
343 3123 525 3188 moderatum
556 3123 702 3186 libertatis
734 3133 929 3206 reeuperatao
961 3125 1086 3187 amioum

50 3226 104 3303 etii
145 3223 288 3291 Mortuus
314 3233 359 3287 est
379 3221 525 3288 Mutinam
545 3223 664 3304 legatus
684 3225 836 3308 proiectus
860 3225 899 3288 ad
922 3225 1084 3289 oouoiliau·

50 3322 101 3388 dum
120 3329 165 3394 rei
187 3325 512 3412 pubiioaedntonium.
555 3323 648 3402 Quam
670 3327 708 3390 ob
729 3345 792 3390 rem
814 3326 921 3392 Giooro
942 3323 1084 3389 honorid-

49 3428 202 3491 oeutissima
228 3427 308 3490 diota
333 3427 477 3491 sententis
494 3422 548 3507 (ὅθ)
576 3433 703 3490 statuam
732 3429 796 3491 eius
822 3429 854 3490 in
880 3427 998 3492 Rostris
1026 3443 1084 3507 po-

48 3527 157 3590 ueudam
186 3529 307 3591 sensuit.
348 3525 442 3592 Filius
474 3529 542 3590 eius
567 3535 712 3608 paternae
738 3528 837 3591 laudis
866 3545 987 3591 consors
1018 3526 1085 3608 ipsa

49 3641 152 3708 popae
173 3629 211 3690 de
230 3629 296 3691 ime
317 3629 398 3694 uirili
418 3629 538 3710 seripsit
557 3623 623 3706 (⁶⁰).

119 3729 269 3810 Sulpioins
288 3730 335 3793 rit
350 3730 445 3792 bonus
461 3730 556 3792 fuisse
569 3726 686 3792 ridetur
705 3734 735 3790 et
750 3742 852 3790 amaus
871 3729 917 3792 rei
933 3727 1082 3816 publieae,

48 3824 91 3886 sed
113 3828 234 3892 luxuria
258 3831 351 3893 seouii
376 3829 416 3893 ad
443 3842 582 3893 summam
597 3828 760 3892 mollitum
788 3837 817 3893 et
835 3829 987 3892 libidinem
1013 3841 1082 3890 eor·

47 3927 241 3946 Ἦ

105 3987 149 4060 55)
167 3990 223 4048 cta
236 3991 369 4060 Mundo,
382 3992 425 4048 da.
511 3991 558 4058 56)
577 3989 631 4046 cte.
645 3989 718 4047 Phil.
731 3989 779 4046 1x.
792 3990 829 4047 5.v
905 3989 951 4057 57)
971 3987 1081 4044 Caelius

48 4070 463 4135 adctc.1)tvors.vill.10.al.
550 4073 597 4144 ds)
615 4073 671 4132 cre.
684 4077 739 4131 Ass.
755 4073 804 4130 lX.
819 4072 861 4129 19.
950 4071 998 4140 59)
1015 4069 1082 4126 Pot-

47 4152 136 4227 lippias
152 4177 241 4218 noua:
264 4159 383 4218 Titulum
399 4163 453 4217 inne
469 4167 638 4233 spectantem
662 4174 690 4216 v.
709 4161 784 4233 apud
799 4158 957 4216 Reiaesium
973 4175 1002 4230 p.
1019 4153 1081 4213 ool.
1109 4188 1120 4204 .

47 4236 85 4307 60)
105 4243 190 4300 Adert
207 4246 312 4319 aliquid
328 4247 394 4303 iude
410 4247 509 4304 Festus
526 4263 555 4302 v.
572 4249 730 4319 municeps.

825 4344 870 4411 Β*
