2644 4774
224 379 314 450 411
418 403 425 408 ·
541 372 951 442 axeclcnrtottlss

224 565 284 630 quo
312 545 463 610 oortimer
491 545 586 608 onis
616 547 648 608 iu
674 545 798 609 dicendo
827 546 986 626 gravitatis
1011 552 1042 607 et
1070 547 1259 609 redonandae

223 665 349 730 capaces
369 645 514 708 dmum.

311 749 362 810 Gn.
378 746 525 823 umus]
548 745 652 808 consul
671 765 700 808 a
717 746 783 809 698
803 746 1009 808 summatem
1022 745 1159 826 Pompeii
1176 745 1260 806 immi-

223 865 315 912 nuere
333 845 482 921 studebat;
497 846 637 909 laudatur
652 846 684 908 id
701 848 825 926 egregie
840 846 1016 911 scicannae
1031 845 1071 907 ed
1082 845 1119 923 Q.
1130 845 1260 910 Fallit

309 949 340 1006 G.
362 948 527 1024 Memmios]
549 967 578 1010 r.
598 947 738 1028 prolegg.
760 947 788 1030 ξ.
809 949 862 1011 49.
1054 953 1059 962 ’

305 1048 415 1111 LXXL
457 1048 530 1110 248.
572 1049 722 1125 Marcello]
751 1049 797 1111 M
816 1046 959 1110 Glaudim
978 1046 1146 1109 Marcellus
1167 1045 1261 1108 consul

223 1171 252 1214 a
270 1153 342 1213 7⁰3.
386 1147 547 1212 Gamarem
569 1149 702 1227 gramm
722 1149 914 1230 oppugnarit
955 1147 990 1210 ld
1010 1148 1088 1208 euim
1108 1147 1217 1226 agebat
1233 1148 1259 1206 in

221 1253 325 1334 primis
351 1251 383 1312 in
407 1249 553 1311 relatione
579 1249 617 1311 de
642 1250 820 1330 prorinciis,
847 1257 881 1310 ut
902 1247 1027 1310 onaan
1047 1256 1116 1309 ante
1138 1255 1260 1309 mmmm

223 1352 349 1414 alterurn
366 1351 594 1431 quinquennium
608 1349 829 1425 succederetur,
850 1349 980 1410 absentis
997 1349 1075 1411 ratio
1096 1349 1129 1410 in
1145 1349 1259 1410 comitiis

221 1470 260 1514 ne
284 1452 461 1524 laberetur,
489 1459 557 1512 acta
586 1453 649 1512 eins
678 1459 821 1532 exparte
841 1449 1086 1512 rescinderentur.
1127 1449 1258 1530 Pompeio

220 1553 299 1616 ricto
324 1570 344 1613 a
365 1552 506 1612 socictate
521 1551 608 1625 belli,
636 1552 716 1632 quod
735 1569 878 1633 peruerse
898 1552 965 1630 geri
984 1550 1120 1625 ridebat,
1146 1549 1259 1614 recessit

222 1653 362 1732 degitqne
382 1653 413 1712 iu
435 1651 541 1714 exsilio
561 1652 730 1716 voluntario
750 1653 903 1732 Mytilenis
925 1652 969 1738 (ᾗ.
1053 1650 1069 1730 )
1089 1653 1151 1726 ita,
1179 1659 1210 1713 ut
1228 1649 1258 1711 de

3 1761 4 1834 l
124 1805 134 1820 .
219 1754 404 1818 restitutione
424 1772 480 1814 sua
500 1771 559 1814 non
579 1753 699 1814 multum
719 1753 888 1827 laboraret;
909 1771 964 1814 nec
985 1753 1123 1816 Ciceroni
1143 1753 1260 1831 aliisque

219 1856 320 1936 paruit
349 1854 388 1915 ed
409 1853 549 1917 Caesaris
578 1855 706 1932 gratiam
726 1853 925 1934 quaerendam
946 1871 1011 1915 cnm
1030 1853 1259 1914 sollicitantibus.

220 1956 356 2037 Denique
375 1956 441 2036 ipsc
463 1953 576 2017 Caesar
591 1955 789 2017 intercedente
810 1963 914 2018 senatu
935 1973 1000 2016 enm
1020 1955 1160 2015 restituit:
1182 1955 1261 2016 Mar·

221 2057 314 2120 collus
341 2064 438 2118 autem
465 2057 554 2118 etiam
579 2064 639 2117 tum
660 2055 759 2118 redire
780 2065 930 2118 cunctatus
951 2056 1072 2117 Athenis
1097 2055 1263 2117 interiectus

221 2166 266 2222 est
295 2177 315 2220 a
340 2158 447 2220 cliente
475 2157 615 2238 quodam:
641 2176 670 2221 v.
697 2157 858 2219 Drumann.
879 2157 915 2219 ll.
937 2157 973 2219 li
994 2157 1054 2219 rol.
1075 2156 1113 2218 Π.
1142 2176 1172 2238 p.
1195 2158 1261 2218 393.

220 2260 326 2323 Cicero
353 2258 557 2320 familiaritate
585 2267 614 2320 et
638 2257 800 2320 stodiomm
827 2257 1016 2320 similitudine
1045 2276 1111 2318 eum
1141 2259 1198 2318 sibi
1216 2257 1263 2318 dc-

218 2361 427 2424 rinetissimnm
443 2360 557 2422 habuit:
574 2379 602 2424 r.
619 2359 658 2421 ad
673 2359 741 2424 Diu.
752 2361 817 2426 XV.
828 2363 859 2423 9.
890 2360 972 2422 llaec
986 2359 1133 2440 pleraque
1143 2359 1263 2426 Wolfius

218 2462 250 2522 iu
270 2461 507 2524 Marcellianum.

305 2560 406 2637 olfac]
425 2567 638 2641 propraetore
656 2579 685 2622 a.
696 2563 760 2624 694
775 2561 967 2636 Lusitaniam,
984 2559 1089 2623 deinde
1106 2561 1146 2622 ab
1165 2579 1193 2623 a
1205 2560 1262 2622 696

220 2659 260 2724 ad
281 2661 344 2723 704
365 2679 420 2742 pro
443 2661 563 2723 consule
586 2661 714 2724 Galliam
734 2663 821 2723 rexit.

303 2763 377 2824 249.
419 2763 514 2839 celim]
533 2761 616 2826 codd.
631 2763 684 2827 Gn.
700 2765 728 2824 1.
740 2767 769 2824 2.
788 2763 965 2843 scripturam
976 2763 1074 2820 uellem
1087 2761 1165 2823 miro
1177 2776 1260 2838 argn-

218 2869 314 2924 mento
336 2861 466 2924 defendit
485 2863 580 2924 Haud.
602 2865 633 2925 in
654 2863 755 2944 Wopt.
771 2863 865 2926 Lectt.
887 2862 966 2924 Tull.
987 2881 1017 2942 p.
1042 2863 1117 2924 268.
1164 2861 1259 2918 Velim

218 2964 245 3024 si
270 2961 393 3024 dixisset
419 2963 544 3038 Brutus,
577 2965 667 3025 sciret
693 2981 753 3025 non
781 2963 917 3044 placere3
951 2971 982 3024 at
1007 2961 1039 3024 id
1066 2979 1165 3048 neque
1191 2961 1260 3022 scire

217 3063 313 3144 potnit
334 3069 363 3123 et
383 3064 481 3124 statim
502 3065 681 3126 contrarium
703 3063 774 3126 dicit
795 3065 911 3128 Cicero.

302 3162 409 3240 didicit]
440 3169 661 3245 artemonem
690 3181 904 3227 nosocomus
928 3163 1055 3222 tieem
1099 3161 1259 3242 Aliquoties

216 3265 247 3324 in
265 3269 368 3325 tenore
384 3263 512 3326 eiusdem
529 3265 690 3326 sententiae
705 3265 748 3326 iia
764 3265 880 3327 locutas
895 3261 1000 3327 Gicerc
1016 3262 1053 3324 de
1072 3263 1125 3326 0r.
1141 3263 1258 3337 11.1,t.

301 3362 373 3426 250.
414 3363 474 3422 cidi
496 3370 570 3424 enim
590 3365 749 3441 Mytilenis]
776 3366 862 3427 Bruti
892 3363 1032 3426 iudicium
1057 3362 1095 3425 de
1116 3361 1257 3427 Marcello

100 3517 105 3532 ,
214 3481 274 3526 ιιοιι
296 3461 439 3526 Cicerone
460 3464 525 3526 solo
547 3472 622 3527 teste
642 3473 770 3540 constat,
793 3465 846 3526 sed
865 3465 932 3545 ipsa
953 3466 1015 3526 cius
1036 3465 1133 3529 uerba
1148 3470 1260 3526 serrata

216 3571 282 3624 sunt
310 3582 330 3623 a
351 3563 467 3626 Seneca
493 3565 605 3628 consol.
634 3565 672 3627 ad
694 3567 778 3630 Helu.
802 3569 832 3630 9.
854 3585 918 3646 pr.,
948 3566 1030 3626 cuius
1059 3566 1259 3627 auctoritatem

215 3661 341 3724 advocat
359 3663 515 3742 meyerus:
546 3672 653 3726 Bootes
681 3671 712 3726 in
733 3687 765 3727 eo
787 3667 874 3737 libro,
903 3685 984 3743 qoem
1007 3666 1041 3724 de
1061 3671 1167 3724 oirtote
1188 3684 1259 3724 com-

213 3765 325 3842 poettii,
348 3766 389 3820 ait
409 3783 440 3821 ee
459 3764 563 3822 cidisse
579 3769 751 3826 Marcellum
766 3767 914 3840 Mytilenis
933 3767 1112 3824 exsulantem
1127 3774 1154 3824 et
1170 3783 1259 3842 eoen-

212 3871 272 3922 tom
293 3862 377 3922 modo
397 3871 505 3922 cetero
525 3865 647 3924 hominis
666 3875 811 3943 peteretur
832 3867 991 3925 occassione
1010 3869 1150 3925 cicentem
1176 3883 1258 3942 mooe

212 3982 337 4043 coquom
358 3963 495 4024 bononem
516 3969 623 4024 ortium
644 3967 828 4043 cupidiorem,
852 3985 938 4042 qoam
958 3966 1010 4024 illc
1031 3975 1165 4042 tempore.

299 4065 444 4142 Grocppe]
466 4065 681 4147 Peripatetico,
697 4066 736 4128 ad
753 4085 838 4148 quem
856 4065 1032 4127 audiendum
1047 4065 1153 4130 Cicero
1170 4063 1255 4126 tilium

213 4162 341 4225 Athenas
362 4164 498 4242 miserat:
519 4185 547 4232 r.
567 4165 683 4229 Diuers.
699 4167 779 4233 xvt.
798 4171 848 4230 21.
872 4173 901 4228 et
922 4165 1098 4248 principium
1117 4165 1254 4230 librorum
