2676 4774
218 425 366 496 BREVIS
388 424 687 510 cloocnrtrlnn
709 427 812 496 ROM.
834 429 944 498 lllS'l'.
1076 435 1102 504 t

62 599 135 683 apud
153 606 307 682 praetores
329 608 358 663 et
378 599 490 664 iudices
500 599 751 682 Areopagitarum
766 599 822 664 iila
837 603 994 668 seredtrna
1010 619 1100 686 prae·

61 704 131 766 ditos
151 702 316 782 agebantur
328 698 401 782 (¹¹);
423 709 452 764 et
473 718 582 764 musae
599 701 737 784 publicae
757 701 861 784 populi
879 703 1009 766 tributim
1029 721 1099 770 ooo·

60 805 217 868 turiatimre
248 805 403 868 contonati
440 801 592 882 sullrugiis
623 802 771 866 indicatae
806 803 837 864 in
870 803 1039 894 criminibus
1070 813 1100 870 at

60 905 224 968 testimoniis
250 913 332 968 totae
360 903 565 969 renodantur.
616 903 650 966 lu
677 902 789 984 populo
822 911 919 968 antem
948 904 1099 970 exorando

60 1007 148 1068 noxiis
176 1025 235 1069 non
246 1022 336 1068 -sane
363 1005 484 1068 multum
505 1005 569 1086 spei
598 1012 675 1078 erat,
704 1021 768 1065 cum
794 1021 889 1086 neque
910 1013 1009 1069 essent
1035 1005 1100 1070 alo·

61 1106 160 1187 quendi
172 1107 321 1170 lenocinia
341 1125 395 1169 nec
412 1105 546 1188 pecuniis
561 1103 726 1184 largiendis
748 1113 777 1166 et
792 1107 902 1172 ambitu
918 1107 1099 1184 iuvarentur,

60 1215 84 1269 et
103 1209 265 1272 bominibus
291 1207 352 1272 illis
381 1207 468 1290 prasi
489 1207 579 1270 moris
601 1223 667 1268 esse
687 1205 837 1270 rideretur
866 1208 1099 1272 misericordiam

60 1309 110 1370 sibi
138 1311 277 1391 precibus
314 1317 342 1372 et
372 1309 442 1372 datu
480 1309 659 1390 extorqueri.
708 1307 792 1370 Duas
824 1327 930 1392 causas
962 1305 1099 1390 publicus

60 1409 194 1485 illustres,
223 1418 379 1491 utramque
399 1408 473 1472 belli
493 1409 683 1474 llannibulici
702 1417 835 1492 ternpore
856 1417 966 1486 comm,
995 1411 1098 1475 Livius

60 1520 271 1588 commemoret,
294 1528 371 1592 quae
385 1528 494 1574 causae
510 1517 601 1574 totam
618 1511 768 1574 arreflsse
784 1511 931 1576 ciuitatem
947 1511 1098 1576 ridentur:

60 1629 111 1691 qua
129 1631 175 1689 re,
204 1614 233 1676 si
253 1619 321 1674 tunc
342 1611 530 1692 eloquentiae
551 1609 674 1693 aliquod
699 1631 802 1674 munus
823 1613 941 1687 luisset,
969 1631 1028 1676 non
1049 1620 1097 1675 ta·

58 1713 162 1776 cnseat
203 1715 317 1778 Harum
338 1713 435 1776 altera
455 1714 499 1776 Μ.
520 1713 663 1776 Postumii
683 1713 835 1794 publicani
853 1709 979 1794 eat(¹²),
1001 1714 1100 1778 ultera

58 1812 103 1876 (in.
128 1815 228 1880 Fulvii
255 1815 359 1880 Flacci
389 1815 538 1896 praetoris
560 1809 624 1894 (¹³).
675 1814 788 1878 Neutra
820 1817 858 1878 ab
891 1813 1098 1896 eloquentibus

57 1921 188 1993 bnon,
211 1917 265 1999 qui
284 1916 360 1978 nulli
375 1923 443 1978 tunc
463 1916 495 1978 iu
512 1915 629 1978 iudiciis
647 1917 856 1980 versabantur:
877 1917 909 1980 in
929 1916 986 1980 illa
998 1915 1098 1998 publi-

58 2017 116 2077 cari
134 2035 188 2099 pro
212 2018 296 2082 socio
316 2017 375 2082 dn
395 2017 612 2081 intentaverant
637 2034 741 2082 sereno
767 2023 886 2080 senatus
909 2017 1043 2080 oonsubo
1068 2023 1099 2080 et

58 2119 187 2193 gradore
216 2119 334 2182 actione
358 2117 551 2199 prohibitam
579 2119 610 2180 in
636 2119 693 2180 bac
715 2116 751 2194 Q.
772 2117 870 2180 Fulvii
899 2123 1005 2197 quater
1026 2133 1098 2179 oon-

58 2216 137 2294 sulis,
165 2221 218 2302 qui
239 2220 285 2282 rei
305 2219 403 2282 irater.
422 2225 502 2294 erat,
530 2235 635 2300 preces
656 2217 803 2282 valiturae
823 2216 1014 2292 ridebantur,
1040 2218 1099 2280 nisi

59 2327 166 2384 senous
194 2339 212 2384 e
234 2319 410 2402 republica
431 2335 497 2382 ease
518 2337 631 2400 negans
653 2319 689 2398 Q.
712 2319 847 2384 Fuluium
874 2320 912 2382 ab
934 2317 1099 2384 obsidenda

59 2416 153 2501 Capua
181 2421 334 2485 discedere
358 2420 548 2503 pervicisset,
578 2429 706 2484 atreus
733 2420 933 2484 damnorum.
977 2420 1097 2484 Recdus

57 2517 180 2597 proiecto
208 2523 265 2586 illa
286 2529 369 2586 aetas
396 2521 562 2598 iudicabat,
591 2541 679 2605 quant
700 2521 869 2598 Ciceronis,
896 2523 946 2586 eui
972 2520 1098 2584 mendax

58 2623 190 2688 orationis
212 2631 334 2688 ornatus
356 2631 385 2686 et
405 2624 608 2686 miserationes
632 2642 689 2705 pro
714 2623 925 2704 indignissimis
947 2621 1098 2686 adhibitae

58 2721 124 2786 adeo
137 2727 310 2806 placebant,
332 2732 364 2787 ut
383 2724 504 2805 publica
522 2724 634 2786 utilitas
656 2725 779 2806 privatis
798 2724 902 2786 studiis
923 2724 1097 2806 plerumque

57 2827 283 2901 posthaberetur.
332 2827 472 2905 Regnare
503 2826 534 2888 in
563 2825 695 2901 iudiciis,
726 2826 950 2888 nocentissimos
980 2825 1097 2905 eripere
1205 2843 1212 2850 ·

58 2922 175 2991 inuidiae
189 2929 342 3011 populari,
363 2928 410 2990 ins
432 2931 462 2987 et
481 2926 618 2987 iniuriam
640 2926 701 2988 oris
722 2933 951 3006 temperamento
972 2925 1097 2986 miscere

58 3027 212 3092 ambitiosis
239 3028 348 3090 seculis
375 3042 513 3103 magnum
541 3033 570 3086 et
590 3025 695 3102 regale
721 3025 815 3087 risum
837 3032 898 3101 cst,
924 3023 977 3086 sed
997 3025 1096 3086 incon

58 3135 135 3207 rupto
165 3129 313 3192 bominmn
337 3133 468 3190 veterum
498 3123 607 3188 iudicio
634 3124 792 3206 displicuit.
819 3160 862 3170 -
895 3125 1017 3190 Generis
1045 3126 1096 3185 da-

58 3234 243 3302 usussoruttot,
266 3227 346 3310 qnod
365 3227 483 3290 tertium
499 3225 686 3306 eloquentiae
701 3235 814 3308 parurn
835 3228 908 3290 artis
926 3227 1097 3309 scriptores,

57 3323 234 3394 laudationes
254 3331 393 3392 funebres
416 3334 496 3402 sunt,
524 3328 645 3410 quibus,
668 3345 734 3391 cunr
756 3329 977 3412 antiquissimae
999 3335 1098 3390 esseut

58 3425 84 3485 in
103 3448 135 3491 re
155 3433 276 3516 publica
296 3433 431 3495 Romana
443 3424 513 3509 (¹⁴),
535 3430 608 3492 nibil
628 3437 726 3492 tamen
748 3431 786 3492 ab
808 3432 979 3512 eloquentia
999 3430 1095 3509 magis

60 3527 177 3596 alienonn
202 3533 314 3596 iudicat
341 3533 446 3598 Cicero
465 3527 527 3613 (¹⁵).
569 3531 665 3594 Aliter
691 3549 745 3592 nos
772 3531 930 3594 iudicaturi
955 3530 1096 3604 ridentur,

60 3627 83 3686 si
97 3633 235 3698 eiusmodi
249 3635 436 3698 laudationes
457 3651 533 3697 nunc
554 3632 642 3694 etiam
657 3631 761 3711 legere
778 3631 891 3695 liceret.
925 3631 998 3696 (inm
1018 3631 1095 3692 eninr

61 3728 143 3796 minus
161 3737 200 3800 ad
215 3755 264 3800 res
278 3737 480 3800 defunctorum
496 3742 597 3816 gestas
616 3733 814 3810 extollendus,
836 3753 924 3816 quam
938 3733 977 3796 ad
995 3751 1095 3796 aemn-

62 3880 259 3904 κ-
302 3897 305 3902 .

124 3997 165 4068 ΙΙ)
187 4001 264 4058 Nihil
287 4003 323 4056 de
344 4003 484 4057 contrario
508 3990 638 4072 probavit
654 4001 850 4054 Westermann
871 3999 939 4054 llist.
958 3997 1040 4066 liloq.
1058 3996 1092 4050 R.

62 4077 134 4142 aaa.
220 4087 263 4156 ro)
280 4087 341 4143 niv.
355 4085 446 4142 XXV.
465 4088 489 4143 s.
578 4085 621 4153 rc)
639 4083 814 4140 nsvnxvr.
832 4083 858 4138 a.
947 4081 990 4148 rr)
1009 4080 1093 4135 oron.

62 4155 161 4306 {aalma
173 4172 221 4312 34⁷¹.
251 4171 324 4230 orus.
336 4173 419 4245 rope
437 4171 462 4228 o.
494 4170 550 4226 osc.
564 4168 641 4227 nest.
657 4169 707 4235 1c‚·
721 4168 762 4225 cr.
853 4168 896 4238 rs)
914 4167 971 4226 erc.
989 4165 1025 4222 oe
1043 4161 1093 4222 or.

86 4285 93 4298 .
147 4293 155 4324 ‚
225 4297 232 4313 ,
