2674 4782
1167 393 1184 432 .

261 430 365 504 220
652 423 918 496 CICERONIS

345 593 501 664 XXXIX.
524 593 596 664 l44.
618 594 700 662 llam
719 605 752 663 ut
772 594 929 663 Antonius
950 596 1133 663 coniectura
1154 595 1323 690 movenda

263 725 316 784 aui
344 714 486 782 sedanda
512 716 691 802 suspicione
721 724 775 781 aut
801 713 968 780 excitanda
997 712 1218 780 incredibilem
1247 664 1323 826 uin4

261 833 413 902 habebat:
437 837 484 900 sic
499 835 532 899 ln
546 832 794 922 interpretando,
813 835 847 898 ιιι
863 815 1083 910 definiendus
1073 853 1108 897 ιιι
1121 807 1323 920 explicanlal

262 954 419 1040 aequitate
448 951 527 1018 nihil
555 962 624 1018 erat
646 949 765 1018 Crasso
793 952 969 1037 copiosius.
997 933 1091 1037 idque
1119 971 1190 1018 eum
1212 971 1300 1038 saepe

169 1054 176 1063 ¹
232 1072 345 1139 ‘alias
370 1080 434 1136 tum
463 1070 544 1157 apud
564 1072 771 1138 centumuiros
798 1070 830 1134 ιιι
856 1067 900 1154 Μ’
924 1066 998 1134 Curi
1022 1087 1122 1134 causa
1149 1073 1301 1155 cognitura

261 1201 320 1258 est.
364 1188 436 1256 145.
459 1191 504 1254 ita
526 1190 608 1255 enim
629 1188 727 1254 multa
748 1198 811 1254 tum
835 1197 945 1254 cantra
961 1189 1107 1274 scriptum
1128 1207 1186 1274 pru
1206 1207 1299 1274 aequo

262 1318 293 1375 et
320 1307 405 1374 bonu
432 1307 526 1386 dixit,
554 1317 587 1372 ut
614 1306 771 1396 bemineru
802 1308 1023 1372 acutissumum
1051 1303 1089 1384 Q.
1116 1303 1300 1372 Scaevolam
1323 1365 1324 1392 Ξ

262 1437 294 1493 et
319 1410 353 1492 ia
375 1427 458 1504 iure,
487 1427 521 1491 in
548 1445 609 1512 quo
638 1423 697 1491 illa
713 1443 822 1516 ¹carrusa
845 1423 1038 1503 veltebatur,
1065 1405 1324 1512 paratissumun'

262 1543 409 1611 obrueret
435 1551 684 1628 argumentorum
712 1521 982 1629 exemplorumque
1008 1543 1116 1630 copia'3
1143 1552 1236 1628 atque
1261 1544 1300 1608 ita

261 1671 325 1728 tunr
347 1661 387 1728 ab
404 1660 455 1728 bis
469 1664 610 1749 patronis
628 1660 814 1748 aequalibus
836 1671 867 1727 et
887 1661 952 1726 iam
968 1659 1187 1727 consularibus
1206 1680 1298 1726 eausa

261 1781 320 1848 illu
342 1780 426 1847 dicta
447 1789 509 1860 est,
538 1801 607 1846 curn
633 1789 762 1866 uterque
789 1799 828 1845 ex
852 1763 1008 1846 centraria
1028 1787 1116 1866 parte
1142 1780 1192 1844 ius
1214 1743 1325 1845 ciuile}

161 1909 164 1918 “
262 1899 460 1976 defenderet,
498 1907 531 1964 ut
562 1897 812 1985 eloquentium
803 1900 880 1963 ruris
912 1898 1129 1984 penitissumus
1161 1895 1296 1973 Crassus,

260 2018 340 2084 iuris
368 2017 536 2104 peritorum
558 2015 841 2112 eloquentissumus
863 2013 1023 2112 Scaevola
1050 2024 1224 2102 putaretur:
1251 2015 1297 2102 qui

262 2136 386 2224 quidem
418 2155 487 2201 cum
518 2145 685 2222 peracutus
718 2142 803 2200 esset
834 2133 876 2200 ad
902 2117 1142 2218 ercugitanduni
1170 2133 1298 2220 quidin

261 2256 330 2320 iure
355 2261 407 2319 aut
432 2257 466 2318 in
493 2271 594 2339 aequo
622 2271 730 2319 uerum
758 2261 811 2319 aut
836 2261 921 2316 esset
949 2261 1091 2318 autnon
1117 2262 1218 2331 esset,
1242 2262 1298 2317 tun
1325 2277 1326 2314 ι

260 2371 367 2439 verbis
399 2379 467 2436 erat
504 2369 546 2435 ad
577 2389 643 2436 rem
679 2389 749 2435 cum
781 2389 902 2435 sumna
932 2369 1084 2436 brevitate
1122 2369 1298 2436 mirabiliter

263 2499 363 2575 aptus.
417 2485 489 2552 146.
529 2506 592 2572 qua
624 2508 659 2554 re
699 2489 740 2554 sit
774 2487 867 2554 nubis
904 2498 1010 2555 oratur
1050 2490 1084 2553 in
1115 2487 1177 2556 hcc
1212 2491 1296 2554 inter·
1326 2535 1327 2588 l

261 2605 405 2694 pretandi
433 2604 623 2692 explanandi
651 2605 848 2672 edisserendi
868 2626 986 2691 genere
1007 2605 1178 2686 mirabilis,
1191 2681 1196 2686 ,
1208 2609 1252 2672 sie
1269 2612 1296 2668 ui

262 2723 366 2792 simile
395 2721 475 2790 nihil
501 2723 649 2806 viderim
680 2723 715 2790 in
747 2723 907 2811 augendo,
938 2726 972 2791 in
1004 2723 1161 2805 ornando,
1193 2726 1226 2792 in
1253 2743 1295 2790 re·
1322 2781 1327 2836 Ξ

326 2959 370 3004 ita
397 2965 418 3003 ei
430 2959 488 3016 iam]
502 2961 576 3004 etium.

326 3029 371 3072 lta.
398 3027 547 3082 amianandi,
560 3026 713 3083 edisserendi]
726 3027 904 3083 explanandlqae
918 3031 943 3074 ei
956 3027 1089 3072 Casereadl.

331 3214 459 3270 XXXIX.
497 3215 555 3268 144.
591 3213 879 3285 reinterpretando]
899 3232 952 3272 om.
972 3212 1116 3286 inLg.8.
1135 3211 1228 3269 ilbi
1241 3212 1293 3266 edd.

261 3300 304 3356 itti.
321 3301 363 3355 58.
381 3299 422 3353 70.
448 3299 518 3354 Ven.
535 3300 560 3353 l.
596 3298 829 3370 interpretandis
852 3299 916 3353 Vat.
932 3327 969 3341 ·-
997 3297 1045 3354 Μ’
1066 3298 1149 3367 Cerri]
1175 3300 1250 3365 libri,
1271 3304 1294 3350 ιι

260 3387 364 3451 solent,
389 3383 432 3438 M.
468 3382 560 3455 Apud
583 3386 781 3437 centumuiros
803 3387 835 3437 in
854 3382 903 3438 Μ’
925 3383 1010 3440 Carti
1029 3401 1124 3439 cansa
1149 3385 1189 3438 sic
1205 3385 1295 3454 scripta

260 3470 371 3525 exhibet
388 3487 423 3524 ex
437 3469 522 3522 literis
538 3468 676 3538 qrradratis
688 3468 831 3538 archetypi
843 3469 915 3546 male
927 3469 1072 3524 intellectis
1083 3469 1155 3525 Ven.
1170 3472 1208 3526 l.:
1224 3465 1294 3541 apud

263 3555 288 3610 0
296 3557 325 3611 V.
338 3552 372 3610 L.
386 3553 424 3608 N.
438 3552 482 3608 M.
499 3552 577 3610 Curi.
613 3553 646 3608 L.
660 3553 697 3608 N.
715 3575 750 3603 =
767 3553 817 3611 ΙΝ.

332 3689 389 3742 145.
423 3691 672 3761 paratissamnm]
692 3683 915 3762 peritissimum
938 3689 1034 3746 [lamb.
1057 3721 1092 3730 -
1125 3685 1293 3752 vertebatur]

261 3773 440 3828 versabatur
458 3774 500 3828 ed.
520 3793 559 3844 pr.
577 3777 689 3831 Ascens.
705 3805 739 3814 -
765 3773 802 3828 ab
821 3774 879 3842 dis]
898 3773 936 3828 ab
954 3779 993 3828 tir
1011 3774 1054 3829 ed.
1073 3791 1113 3844 pr.
1127 3801 1163 3815 -
1188 3782 1217 3828 ei
1232 3771 1293 3838 iam]

261 3859 301 3914 sie
320 3855 405 3914 Orell.
427 3876 477 3930 pro
496 3865 596 3915 eiiam.
615 3889 650 3901 -—
679 3863 755 3916 iaris
770 3861 997 3934 peritissimas]
1021 3859 1074 3913 hoc
1093 3851 1126 3912 ei
1139 3863 1214 3916 iaris
1226 3859 1294 3933 peri·

263 3951 361 4001 torrem
378 3946 431 3998 mei
449 3944 563 4000 divisim.

333 4080 391 4134 146.
427 4083 468 4134 sit
479 4057 580 4148 nobis]
598 4077 762 4149 festinabis
779 4079 844 4133 Scb.
859 4105 895 4122 ι·-
914 4077 1101 4152 explanandi
1114 4075 1294 4142 edisserendi]

261 4166 302 4219 sic
318 4164 362 4218 ed.
379 4179 421 4234 pr.
442 4170 471 4216 et
487 4163 550 4218 libri
567 4164 662 4218 collati
679 4179 787 4228 omnes3
807 4164 890 4236 vulgo
909 4163 1152 4239 esplanandiqne
1171 4171 1199 4218 ei
1216 4162 1294 4217 disse·

263 4246 357 4306 rendi.
392 4247 476 4303 Solus
503 4248 553 4319 bg.
579 4249 621 4305 70.
657 4249 841 4306 edisserendi
864 4266 918 4306 ora.
944 4279 980 4292 -
1016 4249 1165 4320 ornanda]
1192 4242 1293 4306 nandi
