2644 4774
248 417 350 492 aso
570 382 974 482 excurclrrocns

251 591 287 667 3,
307 589 351 653 80
370 605 435 671 sqq.
478 585 572 651 Nobis
598 585 715 669 quidem
742 588 817 650 iaco
838 587 1017 652 violentiora
1043 585 1171 651 artiicia
1195 587 1280 650 arirc

251 691 378 756 ciritntia
406 688 540 771 principe
568 686 669 750 aliena
698 705 763 750 esse
788 687 941 766 ridentur,
969 706 1024 752 uec
1051 707 1088 752 ee
1115 695 1227 750 secutos
1250 693 1282 748 cst

249 789 376 857 murus
401 795 551 853 oratorum
571 787 769 852 Romanorum
794 791 997 869 germaines.
1038 790 1120 853 Idem
1143 788 1280 866 Quurdiu-

248 911 304 956 nus
332 900 399 954 ante
424 886 564 954 Cleonem
583 891 804 952 Atheniensium
831 888 1016 953 demarchum
1043 891 1186 952 neminem
1211 907 1283 951 manu

249 995 287 1058 de
314 992 409 1075 pallio
439 998 557 1054 exsecta
589 999 641 1053 aut
671 990 777 1054 frontis
805 991 966 1057 senoricus
995 992 1187 1074 percussione
1214 1006 1283 1052 usum

248 1094 340 1170 uadit
359 1093 381 1156 1.
400 1111 425 1156 c.
449 1089 478 1174 §.
499 1090 568 1155 155.

334 1195 407 1260 278.
450 1191 569 1270 Brutos]
591 1192 648 1254 lroc
668 1209 728 1255 nou
744 1201 806 1256 tam
825 1193 919 1275 ipsius
933 1193 1019 1256 Bruti
1040 1211 1128 1276 qnam
1145 1191 1284 1259 Ciceronis

249 1297 388 1362 iodicium
407 1291 566 1378 putendum
583 1299 636 1354 est.
681 1293 740 1372 Qui
761 1295 837 1357 euim
852 1303 912 1358 tum
932 1294 1039 1358 leuiter
1053 1295 1204 1376 scripserit
1225 1309 1286 1373 gra-

248 1399 326 1465 riter
348 1397 446 1476 egisse
466 1392 669 1458 recudetur.

334 1496 472 1560 LXXXI.
516 1495 588 1558 280.
634 1493 664 1556 0.
696 1494 855 1572 decom]
891 1495 1039 1576 tetigimus
1070 1497 1214 1559 homiuem
1248 1495 1286 1554 iu·

250 1599 419 1682 geniorum,
448 1595 501 1659 sed
525 1597 649 1658 inertem
671 1601 700 1657 et
720 1595 917 1660 turbulentum
938 1594 965 1679 ᾗ.
988 1596 1057 1674 50.;
1087 1599 1118 1658 0.
1142 1599 1223 1658 coos
1245 1611 1286 1658 res

249 1699 382 1764 emecuti
404 1715 502 1762 sumus
524 1697 551 1784 §.
571 1697 623 1761 51.

334 1820 379 1860 sss
399 1798 508 1876 omos]
535 1797 689 1862 (licerouis
716 1798 876 1861 auctoritas
904 1800 1030 1863 mammo
1050 1800 1239 1879 cognoscitur
1259 1813 1292 1858 ca

250 1899 385 1983 epistolis
406 1898 445 1962 ad
463 1917 542 1975 eun,
564 1916 629 1962 cum
645 1907 786 1980 quaestor
800 1900 893 1963 Asiae
910 1909 1000 1977 esset,
1023 1899 1115 1963 datis:
1136 1920 1165 1965 s.
1180 1901 1290 1964 Dicens.

247 2001 287 2066 ll.
310 2002 413 2064 l-c.
455 2001 539 2064 iluuc
559 2000 764 2080 magistratum
785 2017 850 2062 cum
870 2003 992 2064 honeste
1007 2003 1165 2082 gessisset,
1185 1999 1294 2081 ingenti

251 2119 323 2166 aere
349 2101 448 2164 aduno
476 2101 598 2164 obrutus
629 2117 650 2162 a
677 2099 809 2164 Gacsare
835 2119 902 2166 sese
929 2104 1078 2185 corrumpi
1101 2121 1208 2185 passus
1237 2109 1294 2172 est;

250 2203 333 2268 cuius
355 2220 420 2266 cum
441 2219 560 2265 causam
580 2201 714 2266 tribunus
735 2211 841 2282 ageret
859 2203 1005 2267 uiolenter
1029 2213 1059 2267 et
1080 2213 1185 2268 corna
1204 2205 1296 2284 leges,

251 2321 375 2386 magnac
395 2303 427 2366 iu
449 2302 604 2367 excitando
625 2303 706 2366 bello
728 2303 809 2366 cirili
828 2312 929 2386 partes
948 2305 1061 2369 hoium.

335 2407 408 2470 281.
450 2409 486 2468 Ρ.
506 2405 621 2482 crasso]
643 2403 817 2467 adolescens
833 2406 977 2487 equitatui
992 2406 1163 2488 praelectus
1185 2407 1296 2470 ailae·

250 2522 321 2568 sare
340 2521 403 2567 rem
423 2505 455 2565 iu
477 2505 577 2569 Gallia
598 2505 722 2585 egregie
743 2506 851 2586 gessit:
879 2526 907 2571 r.
928 2508 963 2572 B.
983 2507 1060 2574 Gall.
1078 2509 1102 2571 l.
1119 2508 1171 2572 52.
1193 2507 1230 2571 11.
1247 2508 1292 2568 34.

248 2605 299 2671 ΠΙ.
318 2607 348 2670 7.
392 2604 466 2671 (lum
481 2613 567 2688 patre
589 2605 629 2668 ad
644 2605 774 2671 Gerrhos
790 2607 1028 2690 Mesopotamiae
1045 2609 1160 2672 interiit
1180 2627 1207 2670 a.
1225 2611 1294 2671 701.

247 2707 362 2788 Insigni
383 2723 484 2770 amore
501 2724 567 2770 eum
587 2707 819 2788 conplectebatur
837 2717 961 2791 propter
977 2727 1074 2773 mores
1097 2717 1127 2773 et
1145 2711 1293 2773 literarum

249 2808 347 2873 studia
367 2807 488 2872 Cicero:
517 2808 600 2870 cuius
622 2809 732 2871 amoris
752 2809 783 2870 in
803 2810 906 2891 primis
927 2812 1079 2874 honestum
1101 2805 1310 2874 testimonium

250 2907 585 2973 murmurum.
609 2909 658 2971 16.
682 2908 751 2972 coll.
782 2909 819 2974 V.
840 2911 871 2973 8.
907 2911 943 2989 Q.
964 2913 1015 2976 Fr.
1035 2914 1074 2977 Π.
1097 2915 1129 2978 9.

334 3009 406 3072 282.
449 3009 691 3086 trauscumcrout]
717 3010 793 3072 bene
818 3011 948 3093 explicat
972 3015 1093 3078 uerbum
1122 3013 1215 3096 paulo
1243 3013 1298 3075 ob·

249 3111 363 3176 scurius
374 3109 482 3173 dictum
492 3108 679 3190 Bernhardy:
695 3109 811 3191 „Cyrus
822 3120 851 3176 et
860 3113 1038 3192 Alexander,
1058 3116 1110 3197 qui
1120 3115 1309 3180 iuuenilibus*

249 3213 334 3276 aunis
354 3228 413 3275 nou
429 3210 578 3292 madatim
599 3217 628 3272 et
648 3227 704 3292 per
717 3211 852 3292 legitima
871 3232 969 3279 rerum
986 3217 1186 3296 gerendarum
1204 3218 1309 3278 inter-³

248 3313 344 3389 vasso,
360 3311 413 3374 sed
427 3313 530 3395 paucis
547 3319 577 3374 et
593 3310 750 3375 luculentis
765 3317 949 3379 successibus
964 3319 1051 3399 quasi
1067 3318 1147 3382 saltu
1158 3313 1309 3381 torminosi

248 3412 390 3479 curriculi
417 3418 621 3495 superassent,
649 3412 781 3492 eleganti
806 3415 904 3496 figura
924 3417 1061 3482 dicuutur
1080 3439 1165 3479 soom
1187 3427 1309 3479 meunt

247 3513 346 3578 laudis
370 3517 584 3574 mammertus.
626 3513 770 3577 Similiter
789 3517 898 3584 Graeci
924 3519 1115 3601 prouerbium
1140 3510 1227 3604 ὑπὲρ
1254 3509 1296 3578 τὰ

248 3609 439 3694 ἐσκαμμένα
460 3611 572 3698 πηδᾶν
593 3617 771 3698 usurpant.“

332 3713 484 3778 LXXXII.
528 3716 600 3778 288.
642 3716 817 3796 modulat]
845 3719 921 3784 hunc
942 3721 1040 3786 locum
1060 3723 1187 3805 respicit
1207 3721 1295 3800 Quin·

246 3815 368 3880 tiliaum
387 3815 426 3880 X.
450 3817 484 3891 l,
508 3814 584 3880 115:
614 3819 709 3877 iuueni
737 3823 787 3898 qui
808 3819 927 3881 tlolomo
952 3823 1130 3903 mactasset
1162 3821 1292 3886 omnibvs,

245 3921 341 3979 iocosi
366 3921 416 3998 poi
444 3916 570 3977 Quoue
596 3917 738 3978 undosus
763 3939 827 3980 com
852 3925 944 3983 odolo
965 3932 1072 4000 ,ceretro
1097 3945 1129 3984 ce
1157 3923 1297 3986 comuni·

244 4037 342 4080 ocrem
361 4021 528 4096 scopulosos
546 4017 711 4096 perdidisse.
806 4077 809 4084 .

331 4118 536 4195 morabatur]
554 4109 558 4116 ’
573 4123 655 4180 recte
692 4117 814 4182 uerbum
851 4121 951 4186 rarius
990 4115 1146 4192 defensum
1185 4121 1308 4190 ulstm‘

247 4215 450 4280 ascincuio.
481 4219 738 4284 »marmoratio
758 4227 827 4304 apte
847 4221 969 4306 dicitur,
990 4227 1073 4292 cuius
1094 4245 1207 4310 magna
1223 4237 1308 4314 μ’.
