2660 4776
231 430 315 502 ns
376 403 541 496 'sunus
562 419 861 506 unoouuurrnu
883 418 986 490 nour.
1009 417 1120 489 susr.

234 601 424 666 historiarum
441 599 577 662 uirtutem
597 613 662 660 esse
684 595 792 661 slebere
813 601 856 666 ct,
884 599 917 654 nt
935 593 967 656 iu
988 593 1077 656 rebus
1100 593 1193 673 gestis
1212 611 1278 654 uar-

235 701 337 766 raudis
369 717 509 764 summam
544 699 759 780 simplicitatem
790 695 1030 776 perspicuitatem
1067 702 1097 756 et
1126 694 1278 758 uerborum

238 803 416 882 elegantiam
436 807 609 864 consecutus
625 800 678 874 sit,
697 799 741 863 ita
759 814 797 862 ne
818 795 1058 862 abusationibus
1078 793 1197 877 quibem
1214 794 1278 858 illa

236 902 341 966 laudes
364 903 493 978 aluism,
516 902 723 966 sententiarum
746 906 842 960 autem
859 897 1074 978 uerborumque
1094 897 1153 961 rim
1174 904 1278 960 tautam

235 1003 332 1068 ineis
360 1003 552 1087 apparuisse,
578 1009 611 1066 ut
637 1003 694 1066 bac
714 1008 800 1080 parte
828 1016 893 1064 cum
914 999 1031 1062 summis
1058 998 1090 1062 iu
1110 1015 1147 1062 eo
1175 1015 1279 1078 genere

236 1104 309 1170 siris
327 1112 559 1186 compararetur.
601 1103 682 1166 Artis
701 1101 777 1164 euim
798 1101 861 1164 eius
878 1101 1028 1164 orationes
1047 1099 1178 1164 tortasse
1192 1102 1279 1164 miuus

236 1205 416 1282 babuerunt,
438 1223 526 1287 pam
541 1204 708 1278 Ciceronis,
728 1201 781 1266 sed
800 1209 925 1265 naturae
943 1202 974 1263 iu
991 1201 1121 1266 Caesare
1142 1202 1200 1264 illu
1217 1203 1279 1264 ieli-

237 1307 313 1370 citas
334 1307 404 1382 fuit,
432 1315 464 1370 ut
489 1313 573 1369 tauta
597 1305 743 1368 industria
768 1304 828 1385 ipsi
852 1321 926 1384 opus
953 1321 1012 1366 uon
1033 1311 1121 1366 esset.
1162 1303 1238 1366 ilino
1257 1303 1279 1363 si

236 1407 360 1470 nitidum
385 1406 460 1470 illud
487 1415 516 1469 et
541 1407 669 1469 facetum
691 1405 831 1470 (laesuris
854 1405 1010 1468 Strabonis
1035 1405 1156 1484 gentilis
1183 1406 1230 1467 sui
1252 1406 1278 1465 in

238 1508 362 1572 ffioeudc
384 1526 477 1588 genus
504 1510 634 1572 imitatus
656 1507 778 1582 dicitnr,
801 1505 833 1570 id
855 1505 1051 1570 adolescentis
1073 1513 1139 1570 eret
1159 1505 1279 1569 noudum

236 1609 270 1671 iu
298 1610 414 1672 summis
435 1610 524 1672 rebus
551 1610 662 1673 uersati
690 1625 745 1670 uec
775 1607 908 1672 maximis
933 1606 1150 1671 discriminibus
1173 1609 1278 1670 iactati.

238 1710 325 1788 Quae
351 1711 378 1772 si
401 1712 611 1787 accessissent,
637 1709 716 1791 quod
741 1709 772 1770 iu
793 1709 944 1790 perpetuis
965 1709 1052 1770 bellis
1072 1718 1192 1773 versato
1214 1727 1277 1772 eon·
1321 1749 1322 1804 3

238 1812 355 1890 tingere
381 1830 440 1874 uon
463 1813 570 1893 potuit,
602 1812 690 1872 etiam
714 1810 898 1872 uehementis
928 1816 957 1870 et
983 1810 1277 1873 commiserationibus

239 1912 361 1976 cuilibet
384 1913 490 1975 luisset
516 1932 573 1995 par
586 1907 649 1989 (⁷¹).
693 1912 866 1974 Oratiounm
887 1919 1149 1974 commemorantur
1168 1919 1227 1975 tres
1251 1913 1277 1973 iu

241 2015 291 2074 Ga.
302 2013 479 2074 Dolabellam
493 2013 721 2096 repetundarum
736 2011 915 2094 postulatum
927 2007 994 2090 (⁷²),
1012 2031 1071 2092 qna
1086 2030 1178 2074 cause
1189 2015 1278 2095 prima

238 2133 378 2178 summam
399 2116 457 2178 sibi
471 2115 601 2194 gloriam
618 2115 750 2197 peperit;
772 2114 894 2194 eiusque
911 2113 1036 2183 ocfiouis
1054 2131 1126 2194 pars
1144 2114 1277 2179 dirmotio

239 2223 319 2294 erat,
348 2234 408 2297 pua
436 2217 559 2278 cenarit
588 2234 652 2278 cum
674 2216 793 2295 aliquo,
822 2215 874 2294 qni
900 2213 1021 2276 eandem
1042 2216 1187 2278 actionem
1212 2233 1277 2298 pro-

237 2316 375 2379 iitebatnr
387 2312 456 2398 (⁷³);
478 2316 546 2378 dein
568 2317 664 2379 oratio
685 2337 738 2394 pro
762 2318 879 2378 Graecis
900 2316 930 2378 in
949 2316 994 2379 M.
1009 2317 1167 2379 Antonium
1189 2317 1277 2381 Greti-

239 2435 305 2479 cum
322 2413 393 2497 (²⁴);
424 2425 484 2480 tres
515 2419 547 2479 iu
573 2422 610 2478 L.
639 2421 795 2478 Domitium
823 2424 852 2478 et
879 2419 909 2476 6.
936 2421 1105 2478 Memmium
1135 2421 1277 2483 contiones

239 2517 413 2582 consulares
442 2537 470 2580 a.
497 2518 559 2582 696
585 2519 704 2580 habitae
726 2513 796 2597 (75);
826 2515 952 2598 denique
979 2519 1077 2583 contio
1107 2521 1147 2580 ud
1173 2523 1275 2591 muca,

172 2599 183 2620 ⁶
239 2619 322 2680 ouius
345 2637 421 2700 puae
440 2619 534 2683 uerba
552 2619 638 2682 affert
656 2619 813 2682 Suetonius
826 2615 881 2698 (⁷⁰)
902 2621 932 2681 in
947 2619 1052 2682 Africa
1072 2629 1142 2684 aute
1157 2640 1277 2704 pugnam

239 2717 279 2781 ati
305 2720 407 2782 urbem
429 2721 578 2802 Thapsum
603 2721 734 2783 lubitum
761 2729 897 2800 arguunt.
941 2720 1056 2783 Incerto
1084 2725 1210 2804 tempori
1233 2741 1276 2784 as-

239 2821 385 2900 signanda
406 2823 502 2885 oratio
522 2842 575 2900 pro
590 2817 803 2901 Bttbpoia(⁷⁷):
824 2838 908 2885 nemo
931 2823 1006 2884 anius
1022 2823 1123 2901 Pigbii
1142 2825 1276 2886 rabonem

237 2922 393 3003 probabit,
426 2921 458 2986 G.
488 2923 657 2986 Memmium
688 2941 726 2984 ex
752 2923 891 3002 liltbyuia
917 2921 1121 2984 administrata
1147 2932 1275 3006 repetun-

239 3021 342 3085 darum
367 3041 451 3089 reum
477 3031 572 3086 actum
603 3040 658 3106 per
685 3023 790 3088 literas
817 3042 837 3086 a
866 3023 997 3086 Caesare
1026 3032 1095 3086 tuuc
1125 3026 1158 3086 in
1186 3025 1275 3091 Gallia

236 3123 348 3186 bellum
364 3131 486 3203 gerente
506 3141 534 3188 a.
553 3125 626 3188 698.
660 3124 808 3201 Quaestor
827 3141 884 3205 pro
903 3126 1039 3187 contione
1059 3124 1195 3189 laniavit
1212 3126 1274 3188 aui-

236 3231 297 3287 tam
318 3225 423 3288 Iuliam
451 3232 480 3294 et
503 3241 626 3286 uxorem
647 3223 814 3287 Corneliam
833 3220 896 3304 (⁷⁸).
939 3225 1000 3289 Setl
1026 3225 1105 3306 puori
1127 3227 1274 3291 Suetonius

308 3471 353 3542 71)
372 3471 417 3528 De
434 3472 568 3528 sermonis
588 3470 645 3526 eius
664 3471 924 3546 diligentissume.
944 3470 1022 3526 Brut.
1041 3472 1090 3540 ts,
1107 3473 1185 3543 252,
1201 3474 1273 3546 ipsius

237 3559 338 3614 dimum
356 3558 392 3612 de
409 3558 569 3628 antiquariis
588 3556 660 3628 apud
677 3556 748 3614 Geli.
767 3557 788 3612 1.
809 3557 850 3613 10.
878 3557 1005 3613 Macrob.
1025 3558 1082 3614 Sat.
1099 3558 1121 3614 1.
1139 3579 1167 3632 p.
1183 3561 1233 3615 773.
1247 3559 1272 3612 Ζ.

238 3643 357 3698 Gellium
371 3644 459 3712 ipsum
472 3641 586 3697 111118.
615 3641 662 3697 De
677 3642 704 3698 vi
720 3641 829 3698 dicentii
840 3642 968 3698 (laesuris
982 3660 1009 3697 v.
1023 3643 1138 3702 Quintil.
1152 3645 1186 3700 X.
1197 3646 1225 3712 1,
1235 3643 1272 3697 to.

238 3725 274 3782 ei.
290 3728 319 3792 1,
334 3727 391 3781 lit.
410 3727 481 3781 Plrrt.
495 3727 575 3782 Gaas.
587 3726 612 3783 3.
701 3727 746 3796 77)
765 3727 859 3784 Sebol.
874 3726 949 3783 Bob·
963 3728 990 3782 iu
1005 3729 1061 3784 Cic.
1078 3745 1105 3800 p.
1123 3731 1224 3786 Scauro
1235 3727 1270 3784 71.

238 3810 311 3866 Geli.
326 3809 374 3866 IV.
392 3811 432 3869 16.
456 3811 529 3867 Dial.
544 3812 579 3866 de
594 3828 633 3869 or.
648 3813 690 3870 34.
717 3814 792 3868 Suet.
807 3814 887 3870 liaeo.
903 3815 929 3868 4.
957 3812 1103 3886 Emporius
1118 3833 1165 3887 ap.
1180 3817 1272 3885 cappe·

236 3912 317 3952 rouu.
336 3913 363 3967 p.
380 3897 438 3953 311.
468 3939 473 3946 .
527 3897 571 3966 73)
597 3899 674 3953 Suet.
692 3897 710 3954 1.
728 3917 752 3954 e.
776 3916 799 3954 e.
817 3899 859 3954 55.
949 3899 994 3967 71)
1019 3900 1155 3955 Asconius
1177 3902 1203 3955 1ι
1223 3899 1270 3954 cte.

236 3983 265 4036 in
282 3989 348 4054 toga
361 3983 479 4038 candido
496 4002 523 4055 p.
537 3983 588 4038 522
601 3981 688 4038 orell.
775 3985 821 4054 75)
839 3974 932 4040 Sebol
943 3984 1017 4040 Bob.
1030 3985 1066 4040 ad
1079 3984 1136 4042 cic.
1149 3987 1177 4040 in
1190 3985 1268 4038 Vatis.

236 4066 308 4133 6,3.
326 4085 353 4138 p.
369 4068 420 4122 317
434 4067 523 4127 Orell.
551 4069 607 4125 Cic.
621 4068 700 4124 Sext.
715 4069 800 4136 lat.
826 4070 997 4127 sarecenos.
1013 4069 1054 4125 33.
1143 4070 1187 4140 76)
1204 4071 1269 4124 Suet

237 4151 317 4208 caes.
334 4152 377 4208 66.
465 4156 510 4222 77)
534 4156 569 4209 V.
587 4153 717 4224 reliquias
734 4173 779 4225 ep.
797 4153 869 4216 Geli.
886 4156 921 4213 V.
941 4156 981 4214 13.
1006 4153 1098 4214 Ruiiu.
1116 4175 1144 4229 p.
1163 4155 1218 4212 wi.
1239 4151 1269 4205 cl·

239 4235 315 4293 Suet.
334 4254 357 4291 c.
374 4238 417 4294 tu.
507 4240 552 4309 78)
572 4240 791 4298 smannens.
