2640 4780
245 443 344 516 ΜΞ
637 433 902 506 CICERONIS
986 429 990 436 “

248 607 447 678 oratoribusi
490 607 573 689 Quid
600 627 729 687 censes,
758 609 903 694 inquam,
932 607 995 672 nisi
1022 605 1106 672 idem
1133 607 1214 693 quod
1238 625 1280 672 ur-

247 728 359 807 banis,
390 736 515 815 praeter
545 747 656 807 unum,
689 721 771 814 quod
805 746 868 793 non
901 735 950 790 est
982 745 1088 792 eorum
1119 724 1279 790 urbanitate

247 847 383 935 quadam
405 849 497 933 quasi
519 845 661 912 colorata
683 846 808 911 oratiol
851 843 924 910 171.
946 841 985 908 Et
1002 841 1131 921 Brutus,
1154 842 1214 922 Qui
1234 853 1280 910 ast,

246 955 371 1052 inquit‚'
389 969 449 1030 iste
475 963 602 1030 tandem
629 962 814 1029 urbanitatis
839 961 948 1028 colori
991 959 1125 1040 Nescio,
1155 964 1281 1047 iuquam

247 1093 366 1150 tantum
387 1103 460 1150 esse
478 1075 637 1168 'quendam
658 1083 736 1146 scio.
776 1079 809 1144 id
830 1089 878 1158 tu,
900 1077 1010 1156 Brute,
1033 1081 1097 1144 iam
1119 1079 1282 1163 intelleges,

250 1205 320 1268 'cum
346 1203 380 1266 in
402 1199 540 1266 Galliam
560 1201 696 1266 veneris.
741 1197 851 1263 audies
879 1207 912 1263 tu
936 1197 1059 1283 quidem
1082 1199 1178 1262 etiam
1198 1196 1283 1263 verba

250 1317 405 1405 quaedam
431 1315 595 1384 non'trita
619 1315 753 1394 Romae,
783 1316 840 1382 sed
867 1315 947 1382 haec
975 1317 1088 1381 mutari
1116 1315 1283 1400 dediscique

248 1430 402 1524 possunt3'
416 1435 497 1501 illud
514 1432 562 1501 est
579 1438 695 1513 maius,
718 1435 801 1521 quod
821 1435 855 1499 in
875 1433 1005 1501 vocibus
1026 1441 1204 1498 nostrorum
1225 1453 1285 1498 oru-

249 1563 350 1620 torum
370 1556 496 1619 retinnit
518 1553 665 1640 quiddam
694 1562 724 1618 et
746 1561 876 1619 resonat
897 1551 1059 1616 urbanius.
1102 1571 1162 1618 nec
1184 1551 1240 1618 hoc
1258 1553 1284 1615 iu

251 1670 428 1739 oratoribus
450 1669 542 1738 modo
562 1664 706 1759 apparet,
730 1651 787 1736 sed
808 1672 902 1736 etiam
921 1672 956 1735 iu
972 1670 1096 1734 ceteris.
1132 1669 1203 1736 172.
1225 1667 1283 1753 Ego

250 1788 444 1874 memini'l'.
474 1785 608 1856 Tincam
635 1789 849 1883 Placentinum
878 1787 1034 1854 bominem
1062 1787 1286 1854 facetissumum

251 1903 322 1973 cum
349 1907 499 1974 familiari
524 1917 631 1974 nostro
655 1906 694 1986 Q,
717 1898 836 1974 Granio
861 1926 1017 1994 praecone
1040 1905 1201 1972 dicacitate
1224 1926 1288 1971 cer-

222 2019 329 2114 ‚ta'ra
371 2023 459 2104 Eun,
486 2024 585 2112 iuquit
600 2003 734 2104 lBrutus,
763 2025 803 2090 de
825 2045 886 2111 quo
908 2024 1005 2090 multa
1026 2021 1190 2100 Luciliusi
1230 2022 1286 2088 lsto

250 2144 337 2230 ipso:
358 2143 414 2209 sed
433 2141 567 2210 Tincam
585 2163 648 2212 non
664 2145 766 2208 minus
784 2141 881 2208 multa
898 2142 1029 2209 ridicule
1048 2142 1203 2208 dicentem
1218 2141 1287 2206 Gra—

251 2263 332 2327 nius*
346 2261 497 2326 obruebat
525 2264 716 2348 nescioquo
747 2281 860 2347 sapore
883 2261 1068 2339 vemaenlo;
1096 2270 1130 2326 ut
1152 2281 1213 2346 ego
1234 2264 1288 2326 iam

251 2397 316 2444 non
338 2381 433 2444 mirer
450 2377 528 2444 illud
546 2377 763 2466 Theophrasto
785 2379 957 2457 accidisse,
978 2378 1061 2465 qnod
1079 2379 1208 2458 dicitur,
1231 2400 1289 2446 cum

251 2505 487 2582 percontaretur
514 2516 553 2562 ex
575 2497 701 2562 anicula
722 2497 857 2583 quadam
879 2498 985 2582 quanti
1009 2496 1129 2582 aliquid
1150 2500 1288 2564 venderet

252 2621 285 2678 et
309 2607 525 2699 respondisset
554 2613 612 2680 illa
635 2625 727 2702 atque
751 2614 941 2692 addidisset,
974 2615 1113 2696 Hospes,
1141 2637 1210 2682 mon
1227 2629 1288 2700 pote

252 2729 403 2827 minoris,
435 2731 547 2798 tulisse
581 2753 651 2798 eum
680 2733 811 2799 moleste
843 2731 878 2798 ce
909 2752 973 2800 non
1001 2731 1141 2816 effugere
1167 2733 1287 2821 hospitis

252 2850 405 2937 speciem,
434 2870 527 2937 quom
547 2859 810 2936 aetatemageret
830 2849 963 2918 Athenis
985 2859 1170 2937 optumeque
1190 2853 1289 2940 loque-

315 3033 361 3076 171.
386 3035 493 3092 retinnit]
507 3037 593 3079 recinit

315 3101 360 3147 lm.
383 3105 572 3159 percontaretur]
586 3105 777 3158 percunctaretur.

251 3271 253 3280 ,
322 3237 381 3291 171.
416 3241 473 3291 iste
483 3207 615 3308 tandem]
630 3241 685 3320 inv.
698 3238 749 3294 Gn.
764 3241 784 3294 Ι.
810 3241 908 3309 inquit
923 3244 986 3292 aute
995 3236 1181 3296 urbanitatis
1193 3243 1291 3311 ponitur

251 3321 280 3375 lu
297 3319 444 3392 113111-
467 3324 630 3396 intellepes]
649 3325 688 3378 sic
705 3322 755 3394 ng.
765 3322 790 3376 8.
802 3323 844 3378 51.
863 3320 966 3378 Ott-
987 3326 1122 3392 retinnit]
1140 3325 1175 3378 ad
1190 3326 1291 3380 Schnei-

252 3405 312 3459 deri
334 3405 405 3460 hanc
422 3409 606 3462 coniecturam
628 3425 683 3462 non
706 3408 749 3464 ed.
769 3425 809 3478 pr.
829 3409 917 3462 solum
934 3417 964 3462 at
981 3408 1031 3479 Lg.
1046 3409 1070 3462 8.
1086 3408 1129 3462 71).
1144 3409 1187 3464 39.
1201 3411 1241 3464 58.
1256 3411 1289 3462 itl.

251 3489 304 3544 Gn.
322 3493 345 3546 l.
369 3489 439 3546 Ven.
458 3495 480 3547 l.
507 3493 571 3548 Vct.
589 3493 705 3559 ducunt,
730 3495 758 3546 in
777 3493 873 3563 quibus
894 3502 936 3547 est
951 3497 1091 3556 retinuit,
1109 3495 1160 3548 sed
1177 3500 1291 3549 retinnit

251 3575 339 3646 ipsum
354 3572 440 3648 ¹plene
458 3579 591 3649 scriptum
615 3585 703 3632 exstat
725 3579 752 3630 in
773 3577 824 3648 ng.
843 3577 885 3632 35.
904 3577 945 3631 53.
964 3577 1006 3632 68.
1041 3583 1169 3634 recinuit
1191 3579 1259 3634 Ven.
1271 3581 1291 3634 1.

251 3665 360 3714 recinit
377 3663 439 3716 Ald.
457 3661 524 3714 Eun.
544 3661 629 3717 Orell.
661 3661 799 3715 Retinoit
816 3669 857 3715 est
874 3669 1011 3727 resonat,
1037 3663 1071 3716 de
1089 3681 1159 3718 sono
1179 3667 1254 3734 quasi
1269 3667 1289 3717 in

198 3766 201 3774 ·
253 3743 362 3796 auribus
386 3743 550 3803 audientium
567 3748 706 3800 residente
729 3755 757 3802 ct
776 3749 853 3816 quusi
869 3749 1055 3820 redintegrato
1074 3749 1182 3803 dictum.
1221 3749 1291 3810 Quod

253 3825 328 3896 apud
337 3827 497 3885 Ciceronem
511 3847 566 3884 non
581 3831 680 3902 legitur
694 3841 855 3902 praeterea,
870 3849 953 3886 carisa
967 3849 1022 3886 non
1036 3841 1078 3886 est
1093 3851 1141 3886 cur
1150 3835 1290 3890 abiiciatur.

109 3986 113 3996 Ι
217 3955 226 3966 .
324 3909 382 3965 172.
422 3911 556 3984 Tincam]
584 3915 707 3970 lineam
730 3916 775 3970 bic
794 3925 821 3970 et
838 3935 902 3971 mox
921 3917 965 3972 ed.
983 3935 1024 3988 pr.
1050 3917 1102 3988 Lg.
1120 3919 1163 3974 20.
1181 3919 1224 3976 35.
1243 3920 1290 3982 iubs,

252 3994 303 4051 sed
328 3995 379 4050 Gu.
398 3999 421 4053 1.
448 3999 536 4053 altero
560 4001 624 4055 loco
647 4001 778 4058 Tincam.
793 4031 827 4042 —
852 4002 1005 4070 Lucilius]
1030 3999 1177 4058 Lucillius
1198 4007 1238 4059 ed.
1255 4019 1290 4073 pr.

252 4079 348 4136 Lamb.
357 4078 397 4126 ὲ·-
411 4087 651 4154 percontaretur]
664 4086 702 4138 sic
714 4086 785 4142 libri.
812 4086 908 4141 Lamb.
923 4087 990 4142 Eru.
1001 4097 1291 4160 percunctaretur.-

251 4181 340 4235 quom
357 4171 498 4238 aetatem]
518 4171 558 4223 sic
574 4187 626 4239 pro
645 4187 711 4224 eum
724 4170 782 4225 aet.
801 4170 851 4242 Lg.
863 4172 888 4226 8.
903 4172 944 4226 35.
957 4171 999 4226 51.
1010 4172 1052 4225 58.
1066 4173 1109 4230 68.
1124 4175 1166 4228 70.
1195 4175 1291 4228 Eodem

251 4257 358 4326 spectat
376 4248 471 4316 Ottob.
489 4255 624 4331 scriptura
641 4257 799 4332 quomodo.
812 4287 848 4299 -—
865 4258 1056 4331 optumcque]
1074 4260 1116 4316 uic
1131 4257 1182 4332 bg.
1197 4259 1238 4315 35.
1256 4257 1290 4312 51.
