2660 4776
247 407 305 488 '2
406 401 555 476 annus
577 397 874 486 beneventina
896 397 1000 468 ROM.
1022 397 1133 470 illst.

247 577 403 642 ridiculum
424 572 520 662 stapel
543 567 758 661 apoplexiae,
787 591 846 656 quo
867 579 969 636 testem
992 573 1137 656 quendam
1157 576 1189 640 in
1210 576 1291 640 Piso

248 697 315 742 nem
341 675 531 760 prodeuntem
559 675 691 740 confudit
707 671 779 756 (⁴⁴);
811 673 966 737 ridiculum
988 683 1033 738 est
1054 677 1142 740 etiam
1162 677 1240 740 illud
1258 696 1292 740 ex

249 785 381 862 tempore
408 779 571 842 botentin
599 795 690 843 eausa
719 779 749 836 G.
778 775 930 838 Acestensis
954 782 1057 840 contra
1085 777 1293 855 Gratidianum,

250 879 329 964 qnod
349 882 381 944 in
401 879 437 944 L.
458 879 592 944 Lamiam
612 879 757 945 bominem
779 877 938 940 deformem
958 879 1028 940 iecit
1041 874 1103 958 (⁴5).
1135 879 1294 942 Praeterea
1325 943 1326 948 ,

221 963 235 972 ’
250 999 288 1046 ex
314 981 484 1056 defensione
515 982 564 1040 Co.
587 981 700 1040 Placuit
733 986 836 1042 contra
852 979 896 1042 M.
918 979 1040 1042 Brutum
1056 980 1213 1046 Jboninem
1238 982 1294 1044 rita

249 1083 438 1146 accusatoria
467 1081 606 1144 infamem
634 1080 719 1144 locus
751 1080 899 1162 prolixior
931 1088 1064 1144 seruatus
1094 1089 1153 1156 est,
1188 1083 1241 1162 qui
1268 1083 1294 1144 in

248 1185 390 1247 irrisione
417 1181 583 1247 adversarii
605 1183 754 1248 severiore
775 1179 901 1264 quedam
922 1187 1058 1246 versatur
1079 1190 1108 1243 et
1128 1182 1219 1244 rebus
1240 1190 1294 1244 tom
1325 1211 1326 1218 ι

250 1287 370 1364 gravis,
393 1285 492 1348 verbis
519 1293 579 1346 tarn
609 1291 729 1346 ornatus
756 1291 811 1362 est,
840 1290 872 1344 ut
898 1281 972 1344 nibil
1001 1283 1096 1364 possit
1123 1302 1218 1365 supra
1233 1279 1293 1363 (⁴⁶).

249 1387 359 1451 Verum
377 1387 502 1448 omnium
515 1385 594 1462 iere,
612 1402 686 1466 quas
704 1384 830 1448 Grassus
847 1384 924 1463 egit,
942 1401 1098 1454 causarum
1114 1385 1295 1448 nobilissime

250 1495 296 1550 est
319 1491 365 1546 Μ
396 1487 473 1545 Boeoti
512 1485 548 1549 de
582 1485 744 1550 hereditate
771 1485 814 1548 Μ.
844 1484 989 1566 Coponii‚-
1019 1492 1102 1559 acta,
1131 1486 1164 1560 si
1189 1485 1295 1566 Pigbio

249 1586 338 1664 fides,
361 1586 394 1652 G.
412 1586 538 1651 Claudio
558 1587 603 1650 M.
617 1588 770 1670 Perperna
787 1603 862 1649 coss.
882 1584 963 1666 apud
979 1583 1014 1648 T.
1034 1585 1193 1652 Manilium
1208 1605 1295 1668 prae

249 1695 345 1752 torem
370 1707 399 1752 a.
428 1689 508 1763 6623
535 1687 589 1750 sed
612 1705 661 1752 res
686 1689 809 1752 incerta.
851 1686 881 1748 Is
909 1685 1046 1760 Guriunr,
1079 1687 1106 1748 si
1130 1687 1189 1768 ipsi
1220 1686 1296 1750 filius
1325 1761 1326 1766 ἵ

248 1779 336 1852 natus
354 1795 383 1852 et
398 1795 504 1872 postea
524 1795 654 1851 mortuus
671 1797 763 1864 esset,
777 1773 915 1850 heredem
930 1787 1107 1868 scripseram
1125 1804 1189 1848 cum
1206 1789 1296 1867 igitur
1325 1799 1326 1868 l

249 1889 328 1956 filius
343 1900 429 1954 natus
445 1907 504 1955 non
520 1897 665 1952 essetnec
681 1891 774 1970 igitur
792 1888 865 1950 mori
882 1889 1043 1969 potuisset,
1058 1887 1166 1953 Genius
1180 1888 1298 1952 beredi-
1325 1875 1326 1918 l

249 1999 338 2054 tatem
364 1993 467 2074 petivit
493 2008 530 2053 ex
556 2008 653 2072 aequo
677 1997 706 2052 et
731 1991 824 2052 bono:
851 1989 925 2052 nibil
947 1991 1022 2052 enim
1043 1989 1102 2054 dici
1122 1989 1184 2052 illis
1207 1998 1297 2052 testa-

249 2093 339 2155 menti
356 2094 469 2168 rerbis,
485 2093 542 2154 nisi
560 2091 698 2156 heredem
716 2091 830 2154 institui
847 2085 981 2167 Curium,
999 2092 1025 2152 si
1042 2090 1144 2172 proles
1162 2089 1299 2173 Coponio

247 2194 333 2256 nulla
360 2201 508 2276 superstes
531 2201 616 2254 esset.
660 2195 699 2256 At
721 2193 756 2271 Q.
778 2192 926 2258 Scaeuola
946 2194 1033 2255 toties
1053 2191 1173 2272 collega
1193 2193 1300 2256 ¹Crassi

250 2295 390 2374 scriptun
417 2293 607 2368 defendebat,
633 2299 666 2354 ut
691 2293 839 2356 hereditas
867 2294 985 2372 agnatis
1013 2279 1140 2355 cederet.
1184 2293 1299 2371 Quibus

249 2396 431 2474 argumentis
460 2393 585 2458 Crassus
612 2394 750 2457 institerit
776 2394 881 2458 Cicero
910 2395 941 2455 iu
967 2395 1059 2456 Bruto
1087 2393 1213 2458 tradidit
1231 2391 1300 2475 (⁴⁷);

249 2493 327 2558 idern
357 2494 417 2556 alio
446 2495 514 2557 loco
544 2493 686 2560 dictorum
709 2495 885 2576 particulam
915 2496 1045 2560 servarit
1061 2490 1113 2575 (⁴¹⁸)
1139 2497 1300 2578 multisque

249 2593 325 2657 locis
343 2595 419 2658 banc
441 2597 603 2661 cretionem
625 2597 667 2668 eis
688 2596 825 2660 laudibus
847 2597 975 2671 extollit,
996 2604 1029 2659 ut
1048 2595 1191 2679 plurimos
1212 2599 1302 2678 igro-

248 2693 372 2768 biliores
387 2697 548 2778 triumphos
568 2699 620 2760 uni
640 2698 687 2760 illi
703 2696 824 2760 dictioni
839 2693 1074 2779 postponat(⁴⁹).
1104 2698 1185 2763 Vicit
1201 2707 1300 2760 antem

251 2792 353 2859 Crassi
385 2797 555 2878 eloquentie
586 2800 660 2862 iuris
691 2799 828 2880 peritiam
860 2798 1025 2872 Scaevolae
1047 2792 1110 2878 (⁵⁰).
1164 2801 1304 2864 Incertae

247 2895 328 2960 aedis
350 2901 512 2962 sententiae
534 2899 609 2964 dnae
630 2907 746 2962 exstant
762 2895 824 2979 (5¹).

335 2994 442 3080 Opinio
467 3009 533 3063 erat
552 3001 696 3064 Cicerone
721 3018 815 3082 puero
841 3008 962 3082 recepta
983 2999 1123 3064 Grassum
1150 3020 1213 3066 non
1235 3003 1303 3084 plus

250 3093 403 3177 didicisse,
432 3120 520 3182 qnam
547 3103 729 3164 institutione
755 3101 864 3184 puerili
891 3102 1045 3183 percipere
1070 3103 1242 3184 potuissem
1274 3104 1303 3164 in

249 3217 309 3280 qua
330 3200 468 3282 opinione
494 3201 651 3286 refutanda
673 3201 778 3266 Cicero
805 3201 936 3266 studiose
956 3209 1093 3266 versatur
1118 3204 1150 3266 in
1172 3205 1303 3268 exordio

248 3297 321 3364 libri
340 3301 459 3364 secundi
481 3301 518 3368 dc
540 3303 680 3384 Oratore.
718 3303 757 3368 Ilt
777 3311 809 3368 ut
829 3321 888 3367 uon
909 3303 1030 3366 multum
1049 3304 1219 3369 tribuamus
1242 3305 1303 3368 illis

250 3403 431 3478 argumentis
453 3404 496 3466 sic
514 3421 578 3466 enm
591 3405 704 3468 Graece
718 3403 862 3480 locutum,
883 3405 995 3466 nnllam
1010 3412 1043 3466 ut
1059 3405 1150 3467 aliam
1163 3407 1304 3487 linguan

248 3517 337 3567 nosse
357 3499 520 3583 rideretur,
542 3513 571 3568 et
587 3501 740 3571 Ciceronis
759 3507 845 3588 pueri
865 3505 963 3568 studia
982 3507 1098 3570 rexisse
1120 3515 1149 3570 et
1169 3525 1215 3570 ea
1237 3526 1304 3592 per·

248 3637 458 3657 ——U-—u—

319 3715 365 3784 ιι)
391 3709 502 3772 crare
519 3715 568 3774 or.
588 3717 621 3774 n.
640 3719 689 3787 ro,
705 3719 764 3776 noc.
850 3720 896 3789 ts)
918 3722 974 3776 ou.
992 3721 1028 3778 ue
1045 3716 1095 3778 ot.
1115 3719 1148 3775 n.
1167 3720 1226 3789 cs,
1245 3719 1306 3776 acu.

249 3797 296 3866 to)
315 3799 370 3854 (lic.
385 3801 420 3854 de
433 3799 481 3858 Or.
496 3801 530 3858 11.
542 3803 583 3859 55.
662 3805 707 3873 47)
726 3805 782 3862 Cic.
798 3805 832 3860 de
845 3803 895 3862 Or.
910 3805 942 3860 ll.
958 3806 999 3871 57,
1013 3805 1072 3860 242.
1090 3803 1170 3860 Brut.
1185 3807 1238 3874 53,
1251 3808 1305 3863 lut.

248 3881 295 3950 48)
313 3881 367 3938 cte.
388 3885 423 3948 de
444 3884 493 3944 Or.
512 3887 546 3944 ll.
565 3887 596 3956 6,
613 3889 656 3946 24.
744 3889 789 3958 49)
809 3889 863 3946 Cic.
882 3889 961 3946 Brut.
979 3889 1027 3958 73,
1044 3889 1105 3956 256.
1131 3890 1165 3944 el.
1191 3910 1224 3964 p.
1242 3893 1306 3948 Cae·

247 3968 310 4024 cina
331 3970 371 4024 le.
392 3979 420 4026 at
440 3973 482 4030 24.
569 3973 617 4044 50)
636 3975 693 4030 etc.
712 3975 747 4030 de
767 3973 818 4032 Or.
838 3975 871 4035 ll.
888 3976 935 4044 57,
954 3974 1014 4030 243.
1100 3973 1147 4044 51)
1167 3976 1238 4033 cic.
1258 3975 1306 4033 Or.

247 4053 299 4123 dd,
316 4055 375 4114 223.
400 4057 522 4132 Philipp.
540 4057 615 4114 xlv.
634 4059 659 4114 6.
678 4069 762 4128 cutm,
788 4063 842 4118 hoe
860 4062 970 4132 quidem
987 4078 1004 4114 e
1021 4059 1210 4132 scriptoribus
1230 4063 1308 4118 lruios

247 4132 398 4212 argumenti
408 4144 529 4210 nondum
540 4151 687 4216 repertum.
722 4145 814 4216 Locus
823 4148 886 4203 Vol.
895 4143 973 4212 Max.
983 4143 1030 4200 lx.
1043 4147 1066 4212 l,
1080 4145 1103 4202 l.
1112 4163 1156 4208 *ex
1172 4150 1310 4206 oratione

246 4241 299 4295 pro
317 4225 447 4285 Considio
465 4230 558 4286 neseio
576 4245 630 4300 quo
650 4230 678 4286 iu
696 4226 810 4288 Oratam
828 4232 985 4303 desumptus
1002 4237 1051 4285 est.
