2640 4780
155 448 159 459 ,
236 371 329 444 sss
628 364 892 440 cressonis
945 377 949 382 ·

236 547 357 610 starent
383 534 623 615 insomniis,
651 555 734 623 quse
760 535 865 605 multis
893 535 992 606 scolis
1018 543 1091 608 aste
1116 553 1209 610 suam
1229 561 1277 611 ac·

235 668 330 728 lemn
348 658 383 724 in
403 655 504 744 epulis
523 673 597 724 csso
619 657 770 724 cantitata
796 655 972 742 ιιιίιιςιιΗι
992 659 1134 726 convivis
1156 658 1196 728 ‹lc
1217 659 1276 728 cla

234 797 339 845 rorum
367 776 504 844 virorum
520 773 678 842 'laudibus
708 775 743 842 in
766 770 950 859 Originibus
978 777 1127 862 scriptum
1155 763 1289 865 reliquit¹

236 893 331 964 Coo!
367 891 490 962 Temen
507 892 610 972 illins,
634 911 726 979 quem
746 893 779 958 in
799 891 924 961 ratibus
947 901 977 962 et
993 890 1110 970 Faunis
1132 915 1275 964 munc—
1313 957 1316 980 ‚

233 1025 284 1084 rat
298 1011 434 1091 Eunicus,
455 1011 575 1080 bellum
590 1009 740 1079 Punicum
759 1013 852 1098 quasi
868 1009 1012 1096 Myronis
1034 1031 1111 1100 opus
1134 1013 1274 1082 delectat.

233 1131 285 1202 76.
309 1130 359 1198 Sit
371 1129 490 1198 Ennius
509 1147 602 1208 sene,
624 1139 658 1195 nt
672 1138 721 1197 est
738 1137 838 1208 certe,
858 1129 1044 1216 persertim
1066 1133 1120 1216 qui
1139 1133 1169 1198 si
1183 1132 1275 1210 illum,

233 1262 267 1321 ut
284 1249 427 1326 simulat,
449 1257 675 1326 contemneret,
694 1267 759 1316 non
776 1249 883 1317 onnia
902 1246 989 1336 bella
1004 1267 1199 1335 persequens
1216 1253 1276 1337 pri-

233 1390 316 1438 mum
344 1367 423 1436 illud
449 1365 598 1434 Punicum
625 1382 819 1434 anonumum
845 1364 963 1435 bellum
987 1365 1177 1453 reliquisset.
1224 1369 1277 1436 secl

150 1530 158 1538 -
233 1491 305 1576 ipse
325 1487 401 1558 dicit
422 1502 478 1552 cur
497 1485 530 1552 id
551 1484 666 1554 iaciat:
692 1487 860 1566 scripsere,
880 1485 1153 1570 inputatae
1173 1490 1277 1554 corsi-

235 1585 322 1676 los:¹
334 1614 365 1672 et
384 1602 539 1672 luculente
553 1601 679 1690 quidem
694 1603 886 1690 scripserunt
893 1617 906 1681 ,·
923 1603 1049 1670 etiamsi
1066 1605 1164 1670 minus
1182 1624 1280 1690 quam

232 1735 266 1796 tu
282 1722 387 1812 polite.
429 1741 488 1788 nco
507 1741 583 1788 vero
601 1719 660 1786 tibi
682 1719 776 1788 aliter
794 1721 896 1789 videri
915 1719 1023 1800 debet,
1046 1724 1099 1808 qui
1120 1719 1277 1790 aliaeve

232 1842 286 1910 rel
306 1842 465 1928 sumpsisti
485 1839 599 1917 multa,
621 1839 650 1906 si
667 1838 793 1918 lateris,
812 1838 879 1918 rel,
902 1841 931 1906 si
951 1857 1069 1924 negas,
1090 1843 1276 1928 surripuisti.

233 1961 284 2032 77.
317 1958 393 2028 Gnm
419 1957 479 2028 hoo
504 1955 624 2026 (latone
646 1956 834 2042 grandiores
858 1967 934 2026 natu
955 1957 1078 2028 fuerumt
1101 1956 1137 2025 C.
1152 1945 1277 2026 ‘Flami-

231 2082 302 2150 nius
342 2077 377 2144 ll.
406 2075 507 2146 Verre
544 2074 583 2156 Q.
609 2073 777 2144 Maxumus
811 2074 850 2155 Q.
876 2073 1026 2144 Metellus
1061 2073 1097 2142 P.
1124 2073 1277 2144 Lentulus

231 2197 265 2266 P.
296 2195 449 2274 Crassus,
489 2196 543 2280 qui
582 2212 652 2263 cunr
684 2196 845 2282 superiore
878 2193 1031 2262 Africano
1065 2195 1181 2262 consul
1212 2197 1278 2264 fuit.

229 2317 335 2406 ipsum
356 2313 536 2400 Scipionem
560 2315 736 2400 accepimus
764 2331 828 2379 non
854 2312 1005 2380 infantem
1023 2313 1134 2380 luisse.
1179 2311 1279 2382 Filius

231 2433 357 2520 queem
383 2433 467 2509 eius,
496 2433 526 2498 is
555 2432 608 2516 qui
633 2429 716 2498 huno
741 2432 892 2500 minorem
921 2428 1102 2518 Scipionem
1130 2451 1152 2501 a
1178 2431 1279 2500 Paulo

230 2551 403 2639 adoptarit,
432 2552 462 2616 si
491 2565 621 2637 corpore
646 2549 815 2630 consecr,
845 2550 1011 2638 inprimis
1037 2547 1164 2620 halitus
1193 2559 1279 2620 esset

298 2751 342 2806 75.
377 2748 476 2819 seclis]
488 2751 528 2804 slc
539 2756 587 2804 sut
599 2748 707 2806 saeclis
717 2751 781 2806 libri
791 2747 884 2806 colletl
896 2765 990 2805 omnes
1002 2757 1115 2822 praeter
1125 2751 1200 2808 Ven.
1213 2753 1237 2808 1:
1246 2780 1279 2791 -

230 2837 393 2906 maritata]
412 2833 651 2907 caesaraugus
661 2833 703 2890 55.
713 2835 755 2892 55.
764 2865 799 2878 -
820 2833 1012 2904 meamet]
1029 2837 1070 2889 sic
1084 2836 1168 2892 codd.
1183 2854 1282 2892 omnes

228 2933 341 2998 macter
362 2922 415 2996 leg,
435 2921 492 2989 su,
515 2921 545 2974 in
571 2937 624 2990 quo
648 2928 690 2975 est
712 2927 869 2978 anemae.
903 2927 1043 2976 onmem
1063 2919 1228 2978 anlrinns.
1245 2949 1279 2963 ·-·

229 3009 336 3064 bellom
353 3005 511 3074 Ριιιιίειιιιι]
531 3001 604 3059 bello
622 3003 739 3061 Possim
755 3005 805 3080 hg.
824 3007 927 3064 5135.
945 3007 986 3062 51.
1006 3005 1048 3062 56.
1065 3007 1108 3062 58.
1127 3007 1172 3064 ed.
1191 3025 1281 3080 pr.—

228 3093 261 3149 ln
279 3093 330 3148 Gu.
350 3095 373 3148 l.
395 3099 460 3162 post
483 3093 574 3162 pueri
591 3091 663 3146 lraec
683 3090 863 3147 inseruntur·
877 3093 1026 3164 sralctlcc
1044 3089 1201 3150 mirabilis
1218 3093 1280 3163 siclt

229 3183 305 3244 isle,
293 3177 420 3234 deinde
435 3193 475 3246 sq.
493 3179 621 3232 noronte
639 3195 712 3250 epus
730 3182 779 3233 dcc.
1301 3187 1306 3203 ’

234 3305 237 3312 .
297 3261 338 3318 tu
373 3259 499 3329 Ennius]
517 3267 619 3317 aecius
635 3261 686 3334 bg
703 3259 739 3317 70
752 3279 869 3316 corre·-
833 3217 1096 3332 -srcerrcmffl
1111 3264 1152 3318 sic
1170 3262 1226 3335 Lg.
1239 3261 1279 3316 51.

227 3349 299 3404 Vero.
320 3347 391 3402 1.-
413 3345 603 3416 Versibus]
581 3363 622 3402 suc
638 3355 686 3400 ant
702 3345 843 3402 corrosas
861 3347 923 3420 (Lg.
936 3347 981 3416 51)
1000 3347 1051 3420 lag.
1067 3346 1093 3402 8
1113 3347 1156 3402 55.
1176 3347 1225 3404 51.
1239 3347 1281 3402 55.

226 3435 298 3492 Veu.
319 3435 343 3490 1.
368 3429 441 3498 Ott.;
467 3432 496 3486 id
514 3432 632 3486 dandum
655 3433 738 3486 etlam
760 3431 821 3487 slne
836 3431 913 3486 libris
931 3441 998 3488 erut.
1016 3463 1052 3475 -
1077 3429 1180 3500 deme}
1201 3433 1281 3488 abest

226 3521 255 3574 in
271 3519 315 3574 orl.
332 3535 374 3590 pr.
390 3546 427 3562 -κ
453 3515 639 3590 surripuisti]
658 3516 737 3572 rubr.
754 3516 804 3588 Lg.
823 3515 865 3574 55.
884 3517 927 3574 nu
945 3517 987 3573 68.
1007 3518 1050 3574 70.
1078 3517 1150 3574 Ven.
1169 3517 1200 3574 5.

295 3603 337 3658 77.
373 3601 562 3671 Mareotes]
572 3601 622 3673 lig.
636 3601 662 3656 8.
675 3601 718 3656 55.
732 3601 773 3657 51.
786 3601 828 3656 55.
846 3601 915 3658 Ven.
930 3603 953 3656 1.
967 3631 1002 3645 -
1021 3601 1197 3675 superiore]
1217 3603 1280 3658 Sci·

225 3693 316 3762 ptem
333 3687 384 3758 Lg.
402 3687 446 3742 68.
463 3715 499 3732 ν-
526 3689 600 3756 etus]
621 3703 674 3742 orm
692 3686 743 3758 bg.
761 3686 806 3742 68.
822 3717 862 3732 --
887 3691 919 3742 irs
931 3689 1056 3762 primis]
1077 3685 1126 3761 ὑφ’
1144 3688 1181 3744 ἓν
1202 3690 1279 3744 solos

226 3771 332 3843 11555.
349 3799 385 3814 »-
407 3771 598 3840 dulcissemc]
619 3771 837 3827 dttrrcedtssrme
854 3771 906 3830 (lu.
919 3772 948 3828 l.

262 3852 264 3856 ’
293 3856 356 3912 XX.
391 3856 432 3912 78.
463 3859 688 3930 pontisarensis]
703 3857 757 3928 hp·
767 3857 810 3911 51.
825 3858 865 3912 sic
879 3873 951 3913 cerr.
963 3856 1035 3912 8.·-
1051 3861 1105 3928 put
1118 3857 1278 3923 mmo]

224 3942 331 4014 schg.
349 3941 375 3996 8
394 3941 436 3995 ae,
455 3941 497 3997 51.
516 3941 558 3996 55.
576 3941 618 3996 58.
635 3941 677 3997 66.
695 3943 755 3997 to·
773 3943 1079 4014 persensissemus
1094 3943 1205 4008 veluitr
1221 3943 1279 4007 secl,

223 4029 248 4086 sl
261 4027 350 4083 medie
364 4027 535 4097 distinguitur
547 4035 768 4098 postposuisse,
781 4029 858 4084 locus
871 4046 953 4084 sanus
969 4030 1028 4084 erit.
1041 4057 1077 4070 ·-
1094 4031 1128 4084 ist
1137 4028 1279 4094 maere]

225 4119 258 4168 trs
274 4129 328 4168 om.
347 4113 391 4166 erl.
410 4128 451 4182 pr.
469 4139 504 4156 ψ-
530 4113 660 4178 unctior]
683 4113 789 4167 mitior
812 4113 863 4169 Gu.
879 4116 901 4169 l.
916 4131 918 4136 ·
933 4111 1020 4174 Orell.
1046 4115 1120 4168 coni.
1143 4113 1281 4176 Ιαιιέἰοτς

224 4198 309 4257 Peter
332 4198 467 4252 vinctior.
495 4225 526 4239 -
559 4194 814 4271 splendidiorque]
841 4205 871 4254 et
895 4197 1084 4272 sptmrusor
1109 4199 1151 4256 ecl.
1178 4215 1231 4270 pr.
1249 4227 1280 4242 -
