2676 4774
215 417 273 492 12
378 417 528 487 ntnvts
549 415 850 500 ELOQUllll'TlAB
871 415 975 486 ΗΘΜ.
997 417 1108 488 lllS'l'.

699 637 727 723 i·
748 643 779 706 e.

444 755 574 810 Secunda
590 764 668 809 aetas
689 755 863 825 eloquentiae
879 754 1031 810 Romanae.

298 879 457 938 Secundam
488 879 676 960 eloquentiae
702 879 855 942 Romanae
881 886 1008 942 aetatem
1037 897 1057 940 a
1085 878 1168 942 inito
1194 880 1266 943 inde

213 979 294 1042 hello
322 979 519 1042 llamihalico
552 979 592 1041 ed
620 981 770 1043 Gracchos
800 997 894 1060 usque
925 981 1075 1061 pertinere
1099 981 1265 1055 saluimum
1334 1036 1335 1039 ,

213 1099 274 1162 qua
304 1087 403 1144 acan
432 1082 538 1144 notitia
569 1081 714 1161 quaedam
746 1081 900 1142 literarum
927 1077 1109 1144 Graecarum
1136 1083 1264 1144 Romam

211 1181 331 1264 perlata
357 1189 415 1256 est,
446 1190 480 1244 ut
504 1181 612 1244 cultior
638 1183 804 1244 humanitas
828 1183 1009 1244 incrementa
1036 1192 1171 1263 caperet,
1207 1183 1264 1246 sed

213 1281 371 1362 eloquendi
396 1299 446 1343 ars
473 1299 569 1363 paene
594 1282 676 1346 rudis
702 1291 835 1346 meumst
862 1301 918 1345 nec
944 1285 1111 1364 praeceptis
1137 1293 1166 1360 et
1194 1285 1264 1346 imi-

210 1384 323 1446 tatione
353 1384 533 1448 Graecorum
553 1384 611 1446 nisi
633 1384 713 1466 apud
733 1402 845 1466 paucos
867 1393 897 1446 et
916 1385 948 1445 in
968 1385 1071 1465 paucis
1092 1385 1263 1466 proliceret.

204 1485 364 1566 ‘Principia
394 1484 528 1548 culturae
561 1492 590 1548 et
623 1485 777 1548 literarum
809 1485 989 1549 Graecarum
1021 1503 1085 1547 eum
1117 1485 1263 1548 Romanis
1334 1543 1335 1558 1

212 1586 425 1649 communicata
450 1587 532 1648 circa
551 1585 638 1649 inem
656 1587 731 1650 belli
752 1587 857 1650 Punici
881 1587 970 1668 primi
993 1588 1175 1667 accepimus3
1206 1588 1263 1650 sed
1331 1586 1335 1632 t

210 1694 294 1750 unta
330 1694 395 1750 erat
421 1686 620 1750 Romanorum
648 1689 680 1750 iu
709 1689 849 1750 institutis
874 1689 936 1750 suis
964 1687 1079 1750 tuendis
1105 1689 1263 1764 tenacitas,
1331 1705 1335 1734 t

209 1796 243 1852 ut
275 1787 314 1850 ed
340 1786 445 1852 Sullae
474 1807 569 1869 usque
600 1796 726 1852 aemtcm
754 1807 793 1851 ne
827 1797 980 1852 senatores
1015 1788 1132 1869 quidem
1157 1807 1262 1850 omues

211 1890 325 1954 Graece
350 1889 460 1952 scireut
487 1898 516 1952 ct
540 1890 627 1954 hlolo
648 1890 780 1954 Rhodius
809 1891 920 1972 primns
952 1891 1016 1952 sinc
1041 1891 1200 1970 interprete
1224 1891 1262 1952 iu

208 1998 312 2054 senam
345 1989 462 2052 auditus
494 1992 541 2053 sit.
591 1992 733 2056 Fortasse
764 1991 937 2066 dolendum,
967 1990 1047 2072 quod
1076 1991 1170 2053 cultus
1202 1989 1261 2053 do-

207 2093 320 2156 mestici
357 2091 437 2173 apud
474 2092 623 2156 llomanos
658 2095 728 2169 flos,
764 2110 828 2154 cum
864 2091 992 2154 noudum
1028 2099 1130 2154 enatus
1169 2100 1260 2168 esset,
1332 2127 1333 2172 p

205 2197 369 2258 interventu
404 2193 583 2258 Graecorum
615 2196 775 2256 exstinctus
806 2212 955 2274 nunquam
987 2192 1026 2254 ad
1060 2193 1260 2255 maturitatem
1332 2203 1333 2217 ³

207 2294 354 2376 quandem
384 2294 561 2374 pervenerit.
608 2289 719 2356 Verum
750 2295 777 2356 si
802 2295 928 2357 Romani
957 2295 990 2355 in
1015 2294 1132 2354 summis
1159 2294 1259 2376 poetis

169 2415 172 2422 ’
207 2402 236 2458 et
262 2393 411 2456 historicis
440 2394 568 2456 Homero
593 2394 743 2476 Sophocle
770 2395 941 2474 Thucydide
966 2395 1162 2474 Xenophonte
1189 2395 1258 2455 inri-
1328 2345 1334 2435 ξ

205 2493 303 2558 tendis
325 2495 485 2569 siuissent,
508 2511 562 2556 nec
583 2496 614 2556 in
630 2497 716 2576 poesi
737 2495 776 2557 ad
796 2496 1013 2560 versificatores
1030 2492 1257 2557 Alexandrinos

205 2596 353 2660 doctiores
393 2614 479 2676 quam
517 2597 734 2675 ingeniosiorcs
770 2595 988 2660 descendissent
1024 2613 1079 2657 nec
1109 2597 1258 2658 historiae

203 2696 377 2760 scribendae
414 2697 550 2778 exempla
578 2697 815 2779 ascriptoribus
840 2697 1004 2760 Alexandri
1031 2703 1176 2758 sumentes
1205 2715 1257 2759 res
1331 2761 1332 2764 ,

205 2805 311 2862 ornatu
349 2797 493 2861 extollere
532 2817 620 2879 quam
658 2815 784 2862 narrare
822 2807 852 2860 et
890 2816 1039 2880 exponere
1066 2797 1254 2874 maluissent,
1332 2839 1333 2880 3

203 2899 308 2962 melior
328 2899 463 2981 prolecto
486 2906 515 2962 et
535 2901 710 2981 prosperior
725 2900 878 2962 literarum
899 2901 1072 2963 Latinarum
1092 2906 1255 2979 prouentus

201 3000 315 3064 lenset.
364 3000 425 3066 Sed
453 3018 508 3064 nec
543 3002 617 3064 haec
648 3000 744 3064 fusius
773 3003 894 3081 exsequi
919 3019 994 3082 opus
1027 3008 1071 3060 est
1102 3017 1157 3062 nec
1188 2999 1255 3062 clo-

202 3103 349 3182 quentiam
380 3103 523 3166 Graecam
551 3093 608 3164 lr'ac
637 3111 734 3166 aetate
760 3103 922 3164 imitatione
950 3099 1167 3182 exprimendam
1189 3101 1255 3162 Ro-

200 3204 279 3266 rnani
305 3204 361 3266 sibi
389 3209 588 3284 sumpserunt;
617 3201 656 3264 ad
683 3204 823 3283 quamsi
853 3202 923 3283 qnid
953 3219 990 3264 ex
1012 3201 1133 3266 Graecis
1154 3201 1254 3262 literis

200 3304 407 3385 proiecerunt,
434 3305 491 3366 hoc
518 3304 638 3382 ingenio
671 3303 709 3365 ad
737 3303 903 3368 universam
923 3304 1132 3368 humanitatem
1153 3304 1252 3382 magis
1335 3367 1336 3388 p

200 3405 355 3486 magisque
377 3404 493 3467 exculto
517 3403 646 3466 debetur.
1335 3391 1336 3402 ¹

687 3587 766 3670 qo.

532 3704 754 3758 Adolescentiunr
772 3701 912 3758 institutio.

282 3837 363 3905 Viris
385 3843 566 3925 principibus
592 3844 657 3905 iure
683 3843 777 3904 maius
808 3850 836 3904 et
857 3843 1008 3904 honestius
1030 3843 1124 3904 risum
1147 3847 1192 3902 est
1219 3843 1251 3902 in

199 3945 316 4024 legibus
356 3952 384 4008 et
421 3945 559 4007 institutis
591 3945 708 4026 patriae
740 3943 856 4006 tuendis
889 3950 917 4004 et
952 3943 1075 4023 imperio
1109 3941 1249 4019 erigendo

197 4045 445 4128 temperantiaque
466 4046 581 4112 versari
604 4052 632 4108 et
653 4035 798 4108 senatoris
819 4045 1006 4125 imperatoris
1027 4043 1251 4106 iurisconsulti

197 4149 363 4212 munerihns
396 4147 586 4221 satisfacere,
621 4164 708 4226 quarn
734 4148 823 4213 rebus
844 4144 967 4213 ludicris
997 4152 1026 4208 et
1051 4145 1112 4208 otio
1141 4161 1248 4208 consa-

197 4245 300 4312 mentlo
322 4247 436 4312 idoneis
458 4248 531 4312 darc
553 4266 682 4330 operam.
726 4248 809 4311 Hanc
830 4247 1008 4313 voluntatem
1029 4245 1107 4329 apud
1128 4245 1248 4328 pleros-
