2676 4774
244 434 311 506 CS
401 429 550 514 Brevis
572 427 871 512 ELOQUENTIAE
893 424 996 495 nott.
1018 425 1129 493 lllST.

244 625 316 670 sura
342 621 406 668 cum
427 601 480 668 Cu.
502 602 631 666 Domitio
653 601 851 666 Ahenobarbo
877 607 964 680 gesta
990 619 1018 662 a.
1041 599 1120 674 6613
1150 597 1203 679 qui
1225 613 1288 658 een·

244 725 328 772 sores
350 723 408 787 quo
431 704 527 767 edicto
544 705 678 766 rhetores
694 703 817 765 Latinos
839 718 877 763 ex
898 701 1016 764 ciuitate
1038 699 1211 762 sustulerint
1233 699 1288 758 alio

242 809 311 872 loco
340 806 572 869 memoravimus.
616 802 677 867 Sed
708 802 817 864 nobilis
848 818 974 863 censura
1004 801 1060 862 illa
1092 807 1137 862 est
1169 807 1289 880 propter

243 907 422 971 discordiam
450 921 514 967 cum
542 903 661 982 collega
689 904 755 966 uiro
783 920 843 964 non
867 901 1032 983 spernenda
1061 901 1241 964 auctoritate
1266 907 1290 958 et

243 1007 399 1071 facundia:
422 1006 504 1069 cuius
526 1003 694 1066 discordiae
716 1019 836 1064 causam
856 1003 1044 1081 ignoramus,
1067 1002 1174 1063 smmus
1197 1007 1290 1061 autem

243 1109 378 1172 maximis
405 1105 646 1169 altercationibus
673 1103 775 1185 palam
801 1101 925 1178 iaetam3
952 1104 984 1164 iu
1004 1121 1063 1184 quo
1090 1117 1202 1180 genere
1230 1117 1290 1161 eum

245 1210 371 1273 Crassus
394 1206 567 1271 adversario
584 1221 638 1268 suo
659 1204 751 1282 longe
772 1211 850 1264 esset
869 1203 1020 1284 superior,
1043 1202 1205 1277 clamores,
1228 1201 1290 1281 qui·
1323 1273 1324 1276 Ἴ

243 1311 299 1372 bus
315 1315 389 1370 teste
404 1305 546 1370 Cicerone
561 1304 689 1386 populus
706 1305 928 1366 altercationem
946 1303 1029 1364 illam
1047 1309 1222 1385 prosecutus
1240 1308 1290 1373 est,
1323 1331 1324 1382 p

245 1410 356 1473 Crasso
375 1405 576 1489 plaudentium
597 1411 627 1466 et
647 1405 864 1474 assentientium
886 1403 979 1466 luisse
1001 1403 1124 1486 putandi
1145 1411 1214 1466 suut
1226 1399 1290 1492 (ΙΙ),
1323 1387 1324 1460 ³

243 1509 420 1594 praesertim
452 1524 516 1568 cum
546 1505 642 1566 inanis
670 1503 793 1568 Domitii
824 1511 854 1567 et
883 1505 986 1567 innata
1015 1495 1148 1566 familiae
1175 1505 1291 1569 sanitas

244 1610 338 1672 multa
357 1607 492 1671 ridicula·
504 1605 642 1680 baberet,
664 1607 696 1668 in
711 1605 818 1686 quibus
837 1607 1036 1686 reprehensor
1056 1607 1128 1668 satis
1148 1605 1292 1668 ioculari·
1323 1683 1324 1686 Ἴ

244 1719 292 1774 ter
316 1709 432 1772 uersari
457 1713 559 1789 posset
575 1701 639 1785 (¹⁴).
681 1707 806 1768 Praeter
833 1707 888 1768 bos
915 1708 1043 1769 bonores
1075 1713 1176 1786 gestos
1205 1705 1292 1767 etiam

115 1834 120 1843 ·
246 1818 395 1890 auguratu
429 1808 553 1872 Crassus
585 1808 712 1886 insignis
744 1816 808 1870 erat
831 1803 896 1886 (¹⁵).
947 1807 1020 1870 Post
1050 1824 1205 1869 censuram
1242 1805 1293 1868 ad·
1323 1835 1324 1860 t

244 1911 453 1984 ministratam,
484 1909 516 1970 iu
544 1925 604 1989 qua
634 1915 757 1990 propter
785 1907 963 1971 discordiam
992 1926 1056 1971 cum
1085 1908 1207 1986 collega
1241 1923 1293 1968 nec

246 2027 366 2074 censum
394 2011 456 2089 egit
482 2025 537 2070 nec
565 2009 689 2070 lustrum
716 2007 845 2071 condidit
863 2001 934 2088 (ΙΙ),
962 2027 1026 2072 cum
1051 2009 1177 2071 liberum
1203 2009 1294 2070 otium

244 2113 398 2176 habiturus
419 2111 507 2172 etiam
527 2127 565 2172 ex
581 2118 684 2172 senatu
698 2110 852 2191 paulisper
872 2109 977 2172 cedere
999 2117 1028 2172 et
1044 2127 1151 2172 causas
1166 2107 1293 2170 iudicio-

86 2221 93 2240 ·
144 2246 148 2250 -
245 2205 298 2274 les'
313 2211 454 2273 abdicare
471 2211 680 2284 constituisset,
703 2211 754 2272 rix
775 2212 1047 2292 quinquagesimum
1067 2212 1225 2290 ingressus
1244 2228 1295 2271 au·

245 2330 315 2374 mum
340 2317 531 2392 praematura
555 2316 649 2370 morte
675 2311 815 2392 abreptus
842 2319 895 2374 est.
939 2312 1085 2390 Fregerat
1105 2311 1183 2374 euim
1204 2310 1294 2372 nimia

247 2411 433 2474 contentione
454 2408 569 2471 dicendi
588 2410 683 2486 uires,
707 2429 772 2473 cum
792 2419 924 2474 senatum
944 2411 1085 2474 aduersus
1104 2411 1141 2474 L.
1162 2410 1294 2492 Philippi

247 2510 377 2574 consulis
401 2510 526 2572 iniurias
553 2517 692 2573 tueretur.
736 2513 819 2575 lione
839 2512 898 2575 viri
919 2512 1036 2594 egregii
1056 2513 1166 2572 exitum
1186 2509 1293 2574 Cicero

246 2629 374 2674 marram
402 2617 431 2672 et
450 2607 554 2672 laudes
576 2611 639 2672 eius
658 2629 769 2673 summa
790 2611 905 2675 dicendi
925 2613 1059 2674 ubertate
1081 2611 1249 2676 celebravit
1270 2618 1296 2672 et

246 2712 430 2774 calamitates
460 2711 506 2772 rei
533 2711 685 2791 publicae,
719 2713 826 2793 quibus
853 2713 939 2794 quasi
964 2713 1115 2775 fortunato
1144 2719 1220 2774 citu
1245 2712 1296 2774 ille

248 2819 366 2894 ereptus
385 2819 444 2887 est,
466 2811 509 2872 eis
525 2813 682 2874 uerborum
697 2811 876 2893 ponderibus
891 2811 1070 2894 deplorauit,
1086 2819 1134 2886 ut,
1150 2815 1178 2874 si
1196 2813 1296 2876 omnia

245 2911 398 2977 Ciceronis
427 2913 539 2994 scripta
569 2911 759 2993 perlustrem,
791 2915 848 2976 bac
878 2914 1051 2976 narratione
1078 2913 1297 2994 elegantiorem

246 3005 486 3094 out'grariorem
508 3012 620 3074 nullam
639 3014 786 3094 reperiam
798 3011 864 3094 (¹⁷).

248 3141 252 3160 ι
330 3113 425 3176 Plura
443 3113 612 3174 testimonia
627 3113 772 3190 efficiunt,
792 3121 826 3178 ut
843 3112 982 3178 Crassum
999 3115 1121 3196 antiqua
1136 3116 1297 3180 seueritate

245 3213 410 3299 praeditum
427 3212 521 3274 inisse
534 3213 682 3294 uitamque
699 3213 762 3276 eius
778 3215 1007 3296 reprehensione
1025 3217 1142 3279 omnino
1161 3219 1297 3279 caruisse

247 3311 412 3376 credamus.
454 3310 542 3376 Certe
569 3308 716 3375 luxuriosi
743 3332 804 3376 uon
833 3321 890 3390 est,
920 3315 1000 3396 quod
1024 3317 1135 3378 aeratis
1155 3317 1298 3380 tricliniis

246 3431 320 3476 naus
340 3429 406 3475 esse
427 3419 456 3474 et
473 3411 530 3474 duo
546 3413 613 3474 solo
627 3413 737 3494 pocula
754 3423 897 3494 argentea
912 3415 1059 3478 Mentoris
1073 3435 1162 3480 mauu
1179 3419 1298 3500 sculpta

246 3531 302 3577 nec
329 3513 486 3594 quicquam
509 3520 667 3594 praeterea
688 3513 798 3576 caelati
820 3515 960 3577 habuisse
980 3515 1090 3596 fertur,
1119 3523 1149 3580 et
1174 3537 1216 3581 ne
1238 3517 1299 3580 illis

248 3613 366 3694 quidem
386 3614 430 3674 uti
450 3631 539 3674 ausus
561 3629 626 3675 esse
646 3620 769 3694 propter
788 3615 994 3678 uerecundiam
1010 3612 1072 3697 (¹⁸).
1114 3615 1253 3694 Rursus,
1276 3617 1298 3678 si

240 3711 321 3779 ides
347 3710 445 3774 Plinio
473 3711 574 3775 turios
602 3719 631 3774 et
660 3713 790 3776 incertus
816 3722 953 3778 auctores
986 3719 1134 3798 sequenti,
1168 3719 1300 3782 balneas

249 3810 362 3875 calidas
387 3811 419 3872 in
447 3811 513 3892 ipso
538 3813 628 3890 mari,
657 3813 684 3875 si
710 3829 769 3876 non
790 3812 875 3895 iecit,
905 3823 936 3878 at
956 3817 1089 3898 possedit
1107 3825 1213 3882 tamen
1233 3816 1299 3900 (¹⁹);

251 3960 459 3974 m

317 4056 641 4126 lt)ctc.Brut.tt,1ot.
719 4059 1105 4134 1⁴)cte.‹100r.11:5tt,toc
1160 4097 1163 4104 ,
1187 4067 1301 4137 15)cte.

246 4146 282 4200 de
300 4141 351 4201 Or.
368 4143 390 4198 l.
410 4143 458 4208 10,
475 4141 517 4196 39.
610 4141 653 4208 16)
673 4141 745 4198 Pliu.
760 4145 795 4200 ΙΙ.
805 4145 843 4201 Ν.
856 4144 940 4204 XVll.
956 4152 980 4206 l.
1067 4150 1110 4218 17)
1129 4151 1166 4205 de
1186 4149 1246 4208 Gr.
1259 4151 1300 4219 ΙΙΙΙ

249 4228 272 4284 l.
284 4243 344 4300 sqq.
424 4225 467 4293 ΙΒ)
485 4225 557 4306 Plio.
568 4224 601 4282 ΙΙ.
614 4225 652 4284 Ν.
665 4225 790 4290 XXXIV.
803 4228 853 4287 3.’
908 4233 952 4303 19)
969 4234 1299 4301 ΡΙίη.ΙΙ.Ν.ΧΧΙΙΙ.Ι.
