2644 4774
245 417 309 491 Ab
332 422 638 496 molinorum
662 427 753 498 GAP.
775 428 827 498 74.
849 430 901 500 75.
1002 433 1097 508 nlo

61 590 149 671 tetigit
171 589 368 676 Wopkensius
391 597 485 662 Lecta
507 597 588 662 Tull.
608 597 632 664 1.
662 617 688 664 o.
711 603 777 674 19.;
806 602 866 686 1111Ι
888 603 1098 686 exemplorum,

60 692 156 772 cubus
181 695 289 774 utitur,
318 715 405 760 unum
432 698 529 763 simila
556 707 601 763 est
620 700 728 766 velleii
748 702 784 767 11.
807 706 843 781 6,
862 703 894 766 4.
936 705 1008 769 Alia
1031 717 1098 772 sunt

59 793 141 858 dead.
157 794 180 858 1
199 799 228 872 7,
247 800 304 861 29:
327 804 488 878 onomaton
508 804 635 861 enimam
649 822 710 863 ensa
729 803 826 866 dicent
845 805 943 866 mendi
964 808 1096 868 eandem·

59 911 105 968 qoe
124 915 182 956 esee
201 907 319 958 mentm
339 903 564 979 sapientiamque
580 903 744 979 perfectum.
787 907 847 970 Ata
869 907 907 970 X.
932 909 986 971 16:
1014 909 1095 980 coto,

58 997 100 1068 qai
116 997 245 1057 siciliam
265 1005 469 1080 nnsropotutt
489 1009 531 1073 et,
553 1005 580 1062 st
600 1009 750 1082 1111111111,
773 1027 868 1068 octoas
888 1007 1096 1070 bonnensem

56 1109 82 1150 se
103 1097 290 1160 contulissent.

129 1197 266 1277 Atbeooe]
294 1199 381 1264 buius
405 1201 452 1264 rei
474 1205 577 1264 testem
604 1201 800 1268 clarissimum
820 1207 962 1288 Meyerus
985 1208 1095 1272 excitat

53 1290 621 1382 mmmmmmia

129 1397 202 1462 259.
248 1405 282 1462 Τ.
305 1402 507 1480 Pleminianum]
532 1404 688 1480 1128,
712 1407 782 1469 109.

129 1498 286 1560 macana
307 1502 408 1580 beno]
442 1501 479 1566 de
504 1503 562 1566 boo
582 1503 708 1568 bominis
729 1506 802 1570 uitio
831 1505 894 1568 alia
921 1515 988 1570 sunt
1008 1507 1093 1572 (lice-

50 1597 124 1660 nonis
144 1601 329 1677 testimonia,
355 1601 393 1666 de
415 1603 466 1668 0r.
487 1602 538 1668 111.
563 1607 618 1680 11,
639 1607 693 1668 42.
730 1609 785 1684 11,
807 1608 875 1683 to,
908 1607 994 1670 etde
1016 1609 1094 1672 dila·

49 1697 153 1762 tatione
175 1699 245 1777 illa,
273 1703 325 1784 qui
345 1700 577 1783 πλατειασμός
598 1705 721 1770 Graecis
742 1707 863 1782 dieitur,
887 1706 924 1770 11.
949 1712 1003 1785 21,
1026 1713 1093 1785 91.;

48 1795 82 1858 ol.
103 1797 317 1876 Quintilianum
337 1802 390 1866 XI.
411 1804 447 1879 8,
471 1805 521 1866 10.

125 1902 201 1964 260.
244 1913 395 1966 comestor
414 1903 504 1981 news]
532 1921 591 1967 nou
619 1911 733 1982 aetate,
761 1903 815 1968 sed
841 1905 1000 1970 accusandi
1021 1923 1092 1972 con·

46 2001 211 2078 suetudine,
234 2006 412 2068 exercitatos
434 2011 465 2078 et
483 2011 642 2070 veterator.

124 2103 246 2169 LXXV.
290 2104 362 2170 262.
405 2106 484 2184 recti]
508 2105 636 2188 simplici
657 2103 784 2188 quadam
805 2112 835 2170 ct
856 2104 894 2167 ab
912 2108 1091 2170 ornamentis

44 2199 193 2268 inutilibus
223 2204 322 2269 alieno
349 2223 460 2286 genere
486 2207 605 2289 scripti,
635 2207 722 2288 quasi
749 2205 902 2270 rectoria
924 2206 1091 2272 incedentes

44 2319 242 2388 necunquam
263 2308 302 2368 ab
322 2325 359 2370 ea
380 2307 574 2372 deflectentes.
616 2307 729 2370 Locum
751 2324 815 2369 oum
836 2305 905 2370 aliis
927 2306 1090 2372 dissimilli-

43 2405 109 2480 mis,
141 2407 195 2488 uui
223 2415 291 2470 suut
319 2407 356 2470 de
383 2409 497 2488 ingenii
525 2416 555 2472 et
582 2425 695 2472 morum
721 2407 911 2484 rectitudine,
943 2409 1092 2474 contendit

42 2504 292 2587 Stuerenburgius
312 2509 344 2570 in
363 2511 542 2572 Arcbianam
562 2527 592 2591 p.
611 2511 663 2572 33.
704 2509 816 2574 Mcbus
838 2527 903 2573 cnm
918 2509 1090 2574 lleindorlo

42 2604 71 2666 in
98 2607 172 2672 lior.
199 2607 293 2672 Seruo.
321 2609 344 2674 1.
365 2613 402 2687 4,
427 2611 480 2676 54.
511 2610 697 2694 comparabis
723 2631 822 2672 cereos
848 2631 950 2690 puros,
978 2613 1091 2676 Acroni

41 2707 205 2788 explicatos
234 2714 296 2770 eine
320 2709 422 2788 piperis
447 2721 474 2772 et
498 2732 602 2788 mopso
623 2731 710 2781 cono,
742 2719 771 2772 et
790 2731 894 2788 parom
915 2712 1088 2786 breouotem,

40 2825 98 2887 tpuo
130 2809 230 2870 statim
257 2808 363 2871 Gicero
394 2811 495 2871 utitur.
544 2809 606 2872 Sed
634 2808 832 2883 Quintilianus
864 2809 952 2870 etiam
983 2813 1090 2874 melior

38 2915 160 2983 auctor,
182 2923 247 2968 oum
263 2908 385 2983 simplem
400 2915 427 2966 et
441 2916 547 2967 recusos
564 2906 695 2984 loquendi
710 2925 797 2981 penos
814 2905 923 2968 dixerit
937 2909 991 2970 lX.
1003 2911 1032 2984 3,
1048 2912 1088 2986 3.,

35 3009 129 3090 idque
157 3006 356 3086 composuerit
382 3023 445 3068 cunr
473 3005 568 3082 pipern
596 3005 650 3068 tx.
677 3007 714 3079 2,
743 3007 794 3068 78.
837 3005 923 3069 Male
946 3009 1088 3090 Meycrns

34 3110 249 3187 interpretatur
268 3106 464 3184 pmaddootp,
487 3105 567 3188 qnod
588 3103 752 3187 quomodo
774 3104 812 3170 de
826 3105 905 3170 libro
927 3106 986 3170 dici
1007 3127 1086 3172 com·

34 3208 124 3274 mode
145 3207 240 3290 possit
260 3206 389 3286 ambigo.

123 3327 145 3369 o
167 3308 311 3368 enitendo
330 3307 473 3385 bamma]
505 3307 657 3372 Ciceronis
684 3305 823 3372 iudicium
851 3308 989 3390 apposuit
1010 3308 1086 3372 Sne·

35 3411 136 3475 tonius
154 3407 240 3474 Caes.
252 3408 318 3486 111,
332 3410 463 3472 imitatur
479 3409 606 3492 scriptor
619 3409 692 3472 libri
708 3411 806 3475 octoni
821 3409 857 3472 de
870 3409 952 3474 bello
970 3410 1085 3474 Gallico

34 3528 170 3593 prooem.
191 3508 280 3572 med:
303 3519 413 3571 conctot
434 3515 508 3571 enim
527 3515 602 3570 inter
620 3530 716 3572 omnes
736 3513 809 3572 nibil
829 3520 890 3571 tom
913 3529 1028 3588 operose
1049 3511 1085 3571 ob

36 3615 105 3672 otiis
125 3631 185 3670 esse
201 3611 369 3688 perfectam,
391 3613 465 3689 qood
480 3631 537 3671 noo
552 3611 652 3670 bonone
668 3610 807 3687 elepootio
823 3613 1086 3672 oomooentarioraot

33 3717 201 3790 mantuo,
222 3714 270 3788 qni
286 3719 354 3770 ment
367 3711 451 3783 editi,
473 3731 508 3770 oe
524 3713 644 3772 scientio
659 3716 807 3770 tantumno
824 3729 920 3770 renem
936 3713 1086 3789 scriptori-

33 3811 87 3870 bea
113 3810 235 3870 cmc.-
262 3811 385 3890 odcoqce
404 3811 562 3890 probentur
584 3813 708 3870 omnam
728 3810 849 3882 indicio,
873 3819 906 3869 ot
923 3820 1083 3889 praerepto,

32 3931 93 3972 ooo
114 3910 245 3990 praedito
264 3911 390 3984 focoltoo
410 3907 594 3987 scriptoribus
613 3910 751 3970 videatur.

119 4029 196 4088 porc
222 4018 250 4070 et
274 4012 380 4072 bibunt
401 4009 545 4086 brevitate]
580 4026 657 4090 quae
682 4008 780 4070 inutili
806 4013 914 4069 ornatu
941 4007 1084 4084 abstinet3

33 4129 70 4174 eo
101 4110 237 4174 ornatior
261 4111 344 4186 visa,
376 4111 448 4193 qnia
474 4111 658 4192 praestantia
687 4125 786 4172 rerum
814 4107 913 4174 verbis
941 4108 1024 4190 puris
1054 4115 1083 4172 et

33 4209 197 4277 emendatis
225 4211 408 4291 illustratur,
440 4229 500 4276 nou
527 4212 670 4306 quaesitis
696 4208 884 4277 ornamentis.
924 4209 1009 4278 blito
1037 4215 1083 4275 est
