2676 4774
205 415 353 506 bubus
374 416 672 503 nLchbrt'rlnm
695 417 796 490 ROM.
818 419 927 492 lIlS'l'.
1026 423 1090 498 15

60 591 142 656 aaa
162 592 510 658 marmorosum.
551 569 750 659 consensum
768 593 951 672 osnammo
963 589 1020 676 (⁴⁰)
1039 613 1091 662 vs-

60 701 141 756 terum
155 693 316 756 imitatores
333 693 476 770 omnium,
497 694 525 756 si
544 695 618 758 nihil
634 694 716 758 aliud
731 696 869 772 babeant,
890 695 969 777 qnod
990 713 1092 760 aemn-

60 795 159 870 lentur,
190 795 304 858 ieinnas
335 801 364 856 et
393 795 531 860 horridos
557 797 632 860 lore.
675 795 775 861 Verba
801 796 930 879 plurima
956 797 1091 862 obsoleta

18 899 19 944 ἲ
60 896 192 978 ignobilia
222 902 343 978 praeter
373 897 577 960 necessitatem
606 898 715 962 iterata
745 897 795 962 vel
826 898 924 972 otiosa
949 897 1090 974 videmus,

18 1011 19 1084 j
61 997 264 1078 compositionis
292 1004 322 1060 et
347 1015 533 1061 numerorum
556 1015 656 1062 earam
678 997 789 1060 nnllam
811 995 904 1076 (haec
927 998 1003 1061 enim
1023 1005 1092 1080 post

18 1121 19 1124 ¹
60 1105 164 1178 reperta
183 1096 282 1177 sunt),
304 1099 392 1162 etiam
413 1098 491 1161 alios
512 1099 543 1160 in
564 1105 629 1160 arte
650 1097 780 1162 deiectus
802 1106 853 1160 ant
873 1099 990 1180 lapsus:
1012 1099 1093 1164 velut

60 1197 193 1262 assiduam
207 1199 411 1281 partitionem,
433 1216 511 1281 quae
531 1199 562 1262 im
575 1199 718 1263 Cicerone
733 1217 806 1262 rara
821 1200 859 1262 sit
880 1206 932 1262 ant
947 1206 1026 1262 tecta
1037 1193 1091 1278 (⁵⁰)

59 1299 194 1381 Sulpicius
214 1301 317 1368 Victor
337 1300 532 1384 vituperavit,
559 1299 684 1363 exordia
711 1300 797 1364 unius
823 1299 952 1376 formae,
982 1301 1092 1382 qnippe

59 1399 206 1464 adrerum
226 1401 414 1466 invocatione
435 1409 541 1484 coepta
561 1408 645 1466 vetas
670 1401 816 1484 interpres
833 1401 1025 1468 verrinarum
1037 1397 1091 1482 (⁵¹)

60 1508 83 1564 et
98 1502 212 1568 Servius
230 1499 299 1583 (⁵²);
320 1503 374 1568 sed
394 1521 533 1566 summam
553 1503 599 1566 rei
618 1501 757 1578 publicae
777 1503 928 1584 peritiam,
953 1505 1091 1567 acutimi·

58 1623 122 1666 num
140 1605 280 1670 indicium
301 1605 492 1670 consiliorum
512 1601 737 1686 capiendorum,
760 1604 914 1683 egregiam
933 1605 1092 1670 verborum

57 1708 296 1788 perspicuitatem,
318 1723 455 1786 magum
475 1705 533 1769 vim
555 1703 694 1780 docendi,
722 1720 861 1766 summam
879 1706 1092 1768 vehementiam
1202 1745 1207 1752 -

18 1853 19 1856 ,
57 1807 238 1872 amovendis
257 1807 441 1870 auditoribus
463 1807 491 1870 ei
505 1806 636 1870 tribucre
656 1823 716 1868 mon
733 1803 908 1870 dubitamus.
939 1805 985 1870 De
1001 1808 1092 1871 vobe-

58 1909 151 1970 mentia
170 1909 324 1988 nobiscnm
338 1907 451 1972 Galbae
472 1908 559 1971 sentit
574 1905 787 1990 praelerendas
808 1905 874 1968 eius'
889 1908 1093 1970 5ιί5555ῐὶ5555

60 2009 224 2074 tlraocbanis
257 2009 412 2086 indicans,
444 2026 518 2092 quas
548 2009 631 2090 ipsas
665 2008 771 2072 Gieero
804 2009 922 2070 summis
953 2008 1093 2072 laudibus

59 2111 148 2175 aalma
161 2110 227 2192 (⁶³).

537 2324 544 2338 .
570 2279 619 2341 14.

354 2391 389 2451 P.
410 2391 503 2464 Scipio
517 2275 664 2448 §Africanum
682 2389 785 2464 Minor,

129 2519 162 2582 P.
196 2516 346 2599 Scipionis
378 2516 500 2579 maioris
530 2513 628 2592 filias,
670 2516 721 2596 qni
752 2515 893 2578 minorem
924 2513 1094 2596 Scipionem

58 2619 184 2684 aPaulo
215 2613 383 2699 adoptavit,
415 2617 442 2680 si
473 2634 600 2698 carpam
622 2616 781 2692 valuisset,
812 2616 946 2697 inprimis
974 2616 1093 2678 babitus

58 2728 124 2782 esset
153 2721 311 2801 eloquens,
340 2717 419 2800 rpnod
439 2717 579 2780 indiciam
600 2717 706 2782 Giaero
734 2735 799 2780 cum
829 2735 868 2780 ex
891 2715 1094 2790 oradnncnlis,

58 2826 107 2882 tum
137 2839 175 2884 ex
204 2821 332 2884 historia
364 2820 480 2884 Graeca
510 2817 679 2880 dolcissime
714 2819 826 2899 scripta
856 2817 1012 2880 confirmat
1032 2814 1097 2898 (⁵⁴).

58 2923 114 2982 Sea.
135 2923 236 2983 Aeliam
261 2922 349 2980 Gutus
377 2919 481 2982 consul
507 2937 535 2980 a.
557 2919 621 2981 556
648 2919 722 2979 iuris
749 2918 875 2998 peritior
901 2917 972 2992 luit,
1008 2937 1097 2998 qnam

58 3021 246 3104 eloquentior.
290 3021 323 3080 G.
348 3019 492 3095 salpistas
520 3018 623 3077 Gallus
649 3017 752 3079 consul
782 3035 811 3078 a.
832 3017 897 3080 588
926 3035 991 3078 enm
1019 3035 1098 3084 sum-

59 3158 259 3176 W

113 3237 161 3306 49)
181 3231 215 3290 ll.
234 3231 262 3299 5,
282 3231 323 3286 21.
361 3230 420 3286 Sed
437 3229 580 3298 Sallustius
607 3231 775 3300 andquarlas
796 3231 931 3288 Catonern
951 3231 1097 3290 disertissi-

58 3334 117 3375 mum
139 3320 328 3376 Romanorum
354 3316 478 3382 vocavit,
504 3315 538 3372 lr.
558 3315 627 3373 Hist.
654 3333 683 3387 p.
700 3314 726 3372 b.
752 3315 795 3374 ed.
815 3315 938 3374 Haverlr.
966 3317 1001 3374 cl.
1019 3316 1095 3375 Mar.

58 3401 153 3460 Victor.
167 3421 263 3474 expos.
279 3403 307 3458 in
319 3403 375 3459 Cic.
387 3401 479 3458 Rbett.
493 3400 511 3456 l.
523 3420 550 3474 p.
563 3401 621 3457 149.
633 3402 753 3472 Cappar.
839 3401 885 3468 50)
903 3401 988 3459 lustit.
1002 3403 1104 3460 lebeta.

58 3503 81 3556 p.
89 3488 145 3546 ccc.
160 3491 280 3560 Capper.
366 3488 412 3558 51)
427 3487 633 3544 5511150555.
649 3487 692 3543 bc.
779 3486 1096 3555 collaetantem.
1207 3539 1209 3544 .

59 3570 254 3647 llocsignifloat
265 3573 442 3646 Symmachus
455 3590 518 3644 epp.
534 3571 582 3626 lll.
594 3573 636 3628 44.
650 3571 720 3626 baec
730 3571 867 3626 scribens:
889 3569 988 3626 Ionem
998 3571 1092 3627 Deos·

60 3673 108 3726 pce
127 3668 237 3716 ceteros
258 3658 382 3715 Gatoata
401 3657 463 3730 depe
477 3655 705 3731 praefabimur,
730 3659 760 3710 st
775 3655 862 3711 modis
880 3655 1038 3713 scribenda
1055 3661 1098 3714 stt

61 3750 149 3802 orotto
164 3745 305 3816 forensis.
392 3743 438 3812 53)
457 3743 528 3798 Geli.
541 3741 614 3797 Xlll.
625 3743 667 3798 24.
691 3741 793 3797 eicie.
808 3741 843 3796 de
855 3739 904 3798 0r.
919 3741 964 3798 lll.
983 3743 1024 3810 56,
1036 3744 1097 3800 tto.

61 3826 195 3886 Ascribere
212 3831 287 3886 lubet
303 3829 453 3886 Frontonis
468 3829 612 3896 indicium,
635 3829 697 3899 qul,
717 3843 777 3882 eum
795 3827 824 3881 im
841 3826 963 3898 Princip.
982 3829 1052 3884 llist.
1071 3829 1097 3886 9.

61 3926 83 3979 p.
94 3915 149 3969 tob.
167 3915 211 3970 ed.
226 3915 329 3970 Bottm.
348 3915 498 3986 oppidatim
514 3914 610 3968 statuis
628 3911 780 3968 ornandum
797 3912 912 3972 dixisset
931 3915 977 3982 qui
996 3914 1099 3983 primus

61 3993 143 4054 Latini
165 4001 282 4056 mominis
299 4001 424 4056 subolem
450 4006 478 4054 et
495 3998 604 4053 Italicas
628 3999 749 4070 origines
774 3995 928 4062 illustrarit,
958 3998 986 4050 im
1006 3997 1098 4051 laudd.

62 4077 130 4138 Fam.
153 4095 180 4140 et
196 4085 278 4142 Pulv.
296 4103 323 4158 p.
339 4085 398 4140 250.
417 4083 526 4140 dicendi
543 4085 601 4138 elus
617 4100 702 4156 gemus
720 4081 800 4136 dulce
817 4087 845 4136 et
862 4081 990 4152 pudicum
1009 4089 1037 4134 et
1053 4080 1098 4136 lo·

63 4165 239 4226 nicam-vocat
251 4187 309 4226 cum
320 4170 464 4226 Herodoto
477 4169 609 4226 &conam
624 4183 799 4242 componens.
888 4165 934 4236 54)
953 4165 1008 4223 Cio.
1018 4165 1098 4223 Brut.

63 4249 107 4317 111,
123 4253 162 4313 tc.
188 4255 222 4312 el.
243 4255 341 4314 Vellei.
360 4253 382 4312 l.
402 4255 450 4324 10,
466 4255 494 4310 3.
554 4291 555 4294 ,
