2660 4776
183 443 330 514 RREVIS
349 445 650 540 nnoconbrtnn
671 451 775 524 llObl.
795 454 905 524 lllS'l'.
973 457 1066 532 140

43 620 64 680 in
82 637 155 702 quem
171 619 371 698 excurrerent,
393 639 526 705 campum
542 641 602 688 non
618 625 798 703 invenirent,
819 627 1063 696 declamationum

42 721 207 785 insulsitatem
238 741 257 784 a
288 729 419 787 veterum
452 725 578 788 sanitate
607 729 829 792 remotissimam
858 729 1063 796 increbmcere

42 839 137 886 necesse
164 830 227 887 erat
248 819 311 903 (Μ).
354 824 429 888 llinc
458 843 478 888 a
503 841 640 892 sermm
661 846 815 892 causarum
834 831 951 896 ratione
972 832 1063 896 animi

42 925 156 1003 paulatim
182 925 256 988 adeo
284 923 491 1002 desuererunt,
525 934 558 990 ut
585 929 708 993 Porcius
736 931 845 1009 Latro,
874 933 925 1014 qui
949 933 1062 1015 primun

42 1023 97 1085 clari
112 1026 229 1088 nominis
249 1027 404 1107 professor
424 1027 495 1102 luit,
518 1045 582 1090 cum
603 1046 723 1094 cansam
744 1041 881 1096 oraturus
903 1051 941 1096 ex
959 1035 1062 1116 prire-

41 1129 113 1186 torum
135 1128 276 1208 parietum
305 1129 450 1208 angustiis
477 1129 509 1192 in
535 1129 630 1194 lucem
657 1132 805 1197 forensem
832 1133 982 1218 prodiret,
1013 1135 1060 1197 in-

41 1225 140 1288 solentia
162 1227 222 1290 loci
253 1235 282 1291 et
309 1230 447 1311 scopitur
476 1229 551 1294 adeo
575 1240 787 1312 exterreretun,
812 1243 845 1298 nt
865 1243 974 1316 rogatu
995 1236 1060 1298 eiuo
1137 1317 1150 1332 ⁶

40 1325 123 1390 indicia
142 1329 177 1390 ab
198 1331 333 1409 Augusto
353 1331 384 1392 in
403 1329 595 1396 basilicarum
616 1337 715 1418 spatia
736 1336 983 1420 compellerentur
992 1332 1059 1418 (ω).

39 1426 82 1488 Nec
106 1431 287 1495 recitationes
322 1432 360 1494 ab
390 1433 495 1496 Asinio
524 1434 661 1500 Pollione
692 1431 788 1520 primd
822 1439 972 1503 insfitutae
1003 1457 1058 1503 nec

40 1531 225 1595 commissiones
244 1532 276 1596 G.
293 1531 433 1597 Caesaris
450 1551 505 1597 nec
523 1536 755 1618 quinquennales
771 1537 835 1602 ludi
852 1559 872 1604 a
886 1539 1057 1604 Domitiano

39 1630 121 1694 conditi
134 1643 277 1716 perpetua
291 1635 522 1700 versificatorunr
534 1638 560 1699 ta
572 1637 801 1704 declamatorum
818 1643 943 1704 materia
954 1649 1058 1705 contra

39 1731 96 1793 nala
112 1733 162 1796 illa
176 1735 332 1800 valebant:
354 1756 373 1798 a
388 1737 582 1802 remediorum
601 1741 677 1804 enim
692 1749 799 1804 natura
819 1743 975 1824 plurimum
989 1742 1058 1824 ipsa

38 1829 228 1917 ucciandi).
272 1837 347 1900 Nam
369 1839 419 1920 qui
439 1841 509 1902 noui
528 1841 630 1904 fidere
650 1842 805 1918 uolebant,
831 1861 869 1908 nc
890 1861 910 1906 a
929 1842 1057 1906 morosis

37 1931 149 2000 iudicibus
167 1939 419 2020 improbarentur,
448 1941 605 2004 verborum
625 1943 727 2004 inania
749 1943 1056 2023 acumina,'exagge·

37 2041 95 2096 ratas
118 2041 290 2115 sententias,
323 2057 457 2103 eneruem
486 2043 725 2122 compositionem
752 2043 926 2124 captabant,
956 2043 1057 2106 omnia

37 2133 125 2200 dicendi
148 2159 262 2220 genera
288 2139 520 2217 contundebant,
547 2143 707 2224 'andquma
732 2143 828 2226 poetis
858 2159 1000 2205 concessa
1027 2149 1057 2208 et
1097 2159 1101 2168 ·

36 2253 112 2300 recens
134 2261 263 2322 procusa
289 2241 438 2307 uocabula
462 2243 545 2305 iuxta
565 2235 729 2319 babebant;
758 2261 843 2325 quem
865 2262 997 2308 errorem
1016 2262 1055 2306 ne

36 2341 112 2402 sunni
130 2343 246 2424 quidem
266 2345 324 2407 riri
344 2344 491 2419 nonnulli,
520 2352 553 2406 ut
574 2345 711 2421 Tacitus,
732 2344 918 2426 defugerunt.
961 2345 1056 2410 Erant

36 2455 85 2502 sane
109 2445 156 2524 qui
176 2446 363 2525 antiquorum
383 2445 505 2508 lectioni
525 2447 657 2509 innutriti
676 2449 750 2511 uitia
777 2448 859 2510 illins
880 2447 986 2510 aetatis
1007 2447 1054 2510 in-
1107 2493 1108 2496 ,

34 2539 171 2621 telligcrent
199 2555 229 2608 et
257 2555 396 2626 quantum
416 2554 555 2628 poterant
577 2547 757 2623 devitarent3
784 2567 839 2612 nec
860 2565 934 2628 opus
955 2547 1054 2610 multis

34 2638 129 2707 laudare
156 2645 189 2711 G.
213 2646 341 2711 Plinium
367 2655 410 2723 et,
439 2650 489 2730 qui
518 2657 547 2711 et
567 2650 730 2730 simplicior
752 2657 796 2711 est
819 2656 848 2710 et
869 2647 1054 2727 elegantiore

32 2740 127 2821 indicio,
146 2749 190 2811 M.
212 2749 336 2811 Fabium
353 2747 573 2825 Quintilianum.
609 2749 649 2812 lli
671 2751 745 2810 enim
768 2749 921 2810 ethorum
942 2748 1054 2810 similes

33 2843 85 2906 eolis
107 2851 252 2912 ueteribus
280 2847 430 2911 oratorum
457 2866 562 2910 nomen
589 2849 758 2910 tribuebant
779 2849 851 2909 satis
871 2850 994 2910 honeste
1016 2846 1053 2910 de

34 2949 177 3026 aequalibus
207 2950 370 3011 existimari
396 2956 548 3030 putantes,
578 2949 604 3010 si
625 2948 730 3010 diserti
751 2955 780 3009 et
800 2947 943 3010 causidici
962 2963 1054 3010 uoca-

32 3056 107 3111 rentur
120 3047 183 3132 (67).
229 3050 360 3124 Quorum
379 3048 591 3112 vocabulorum
611 3049 759 3132 posterius
780 3049 811 3111 iu
831 3048 934 3130 primis
952 3066 1054 3110 rerum

32 3155 73 3223 est,
91 3169 148 3215 cum
170 3157 294 3236 praeter
312 3149 423 3212 iudicia
443 3149 561 3231 priuata
582 3159 611 3214 et
631 3151 835 3214 accusationes
851 3148 1053 3221 defensiones*

31 3264 71 3326 que
93 3253 166 3335 apud
186 3261 320 3315 senatum
343 3252 485 3332 agitatae
501 3252 575 3315 nibil
598 3253 767 3316 oratoribus
790 3251 933 3316 materiae
959 3249 1051 3313 reliu-

30 3363 151 3426 queretur.
201 3353 262 3418 Sed
288 3372 359 3434 pars
387 3361 537 3416 oratorum
561 3354 643 3416 illius
671 3355 777 3416 aetatis
805 3353 897 3432 longe
923 3353 1052 3414 maxima

30 3452 74 3512 suis
99 3455 234 3519 laudibus
265 3455 427 3518 insolenter
458 3455 666 3539 praedicandis
697 3456 784 3516 unice
809 3454 913 3515 intenti
941 3459 1052 3514 unum

30 3551 143 3634 aberant,
169 3551 262 3620 ut'se
284 3557 411 3637 antiquis
432 3540 537 3618 cedere
561 3557 739 3630 faterentur,
766 3561 798 3615 ut
818 3553 877 3615 soli
898 3557 983 3614 acute
1004 3553 1051 3616 in·

28 3657 106 3718 uenire
131 3660 283 3737 eleganter
306 3657 406 3738 eloqui
434 3657 593 3720 artificiose
615 3671 788 3737 componere
817 3662 938 3719 venuste
958 3649 1052 3735 agere
1117 3718 1123 3726 ,

29 3753 264 3834 oblitterentur,
291 3766 404 3822 ueteres
425 3760 593 3822 inventione
613 3759 729 3839 ineptos
751 3757 916 3819 enarrando
936 3757 1049 3820 otiosos

28 3857 105 3920 uerbis
134 3859 270 3924 horridos
302 3860 513 3942 compositione
543 3857 659 3922 hiulcos
690 3860 807 3922 acdona
838 3857 1049 3922 obsoletoset

27 4007 213 4037 *Qu-,naat-

80 4102 122 4171 oc)
141 4105 185 4160 Dc
195 4107 348 4166 discrimine
359 4111 492 4168 orationis
504 4117 532 4165 et
543 4107 747 4164 declamationis
756 4123 784 4162 v.
795 4103 859 4160 dial.
871 4103 906 4158 de
915 4106 994 4157 oratt·
1004 4097 1046 4155 35.

28 4177 141 4243 Senecam
151 4191 243 4248 (lontr.
256 4193 278 4249 l.
295 4213 322 4268 p.
334 4195 377 4252 ol.
390 4193 454 4268 Bip.
473 4193 521 4248 lV.
533 4210 655 4266 prooem.
741 4191 786 4260 65)
808 4189 901 4254 Quint.
911 4187 946 4248 X.
960 4185 991 4252 d,
1004 4183 1046 4274 ld·

26 4260 59 4332 tt)
74 4269 141 4328 suen
159 4276 243 4351 cong.
261 4280 304 4336 oa.
390 4280 437 4348 cr)
455 4280 526 4335 onan
545 4279 581 4335 ae
598 4285 677 4336 orans.
695 4277 715 4332 r.
734 4275 776 4335 rr.
793 4275 835 4332 aa.
955 4348 959 4358 1
