2646 4772
324 433 519 506 Bllll'lUS
547 435 638 508 GAP.
661 435 712 508 78.
735 437 786 508 70.
989 439 1085 514 m

123 601 272 673 LXXIX.
303 607 377 676 273.
404 605 472 676 Nec
498 625 575 676 uera
597 606 643 674 M.
664 605 806 676 Caelium
826 610 1085 696 praetereundum

48 725 189 806 mlitror,
215 741 419 814 quaecunque
445 728 515 794 eius
541 729 576 793 in
601 728 685 794 exitu
705 725 757 796 uel
778 727 904 794 icauna
923 726 975 795 uel
995 747 1085 795 mens

49 843 110 909 luit:
136 845 303 932 quiquam
324 845 379 912 diu
400 848 576 914 auctoritati
598 863 688 914 meae
712 848 828 935 paruit,
849 845 924 913 talis
941 845 1084 913 tribuous

47 960 138 1048 plebis
159 963 233 1042 luit,
256 974 291 1030 ut
310 981 402 1032 uemo
427 975 537 1033 contra
556 967 670 1032 ciuium
689 965 879 1054 perditorum
902 963 1084 1053 popularem

46 1077 302 1170 turbulentamque
325 1083 512 1150 dementiam
540 1099 561 1150 a
589 1093 700 1150 senatu
723 1093 754 1150 at
775 1101 796 1150 a
815 1083 967 1150 banorum
985 1101 1086 1150 causa

47 1202 155 1266 steterit
174 1203 386 1282 constantium
408 1221 501 1288 quam
523 1203 592 1270 eius
612 1205 767 1270 actionem
784 1201 911 1268 multum
928 1203 1032 1270 tamen
1053 1211 1085 1268 ct
1107 1291 1110 1296 Ι

47 1315 201 1403 splendida
230 1329 261 1384 et
287 1319 418 1404 mandis
445 1330 476 1387 et
504 1319 615 1388 cadem
648 1323 791 1408 inprimis
818 1321 924 1388 iccata
952 1331 983 1387 et
1011 1337 1083 1408 per·

47 1434 160 1502 ulans
188 1437 428 1506 commendebat
449 1441 561 1506 oratio
605 1437 727 1508 Graves
749 1443 818 1506 eius
840 1442 1002 1506 cautiones
1024 1437 1085 1505 ali·

47 1563 111 1638 quat
136 1554 277 1636 lueruut3
304 1559 398 1624 'acres
429 1559 649 1626 accuratiores
678 1567 742 1626 tres
771 1575 892 1645 eaeque
914 1577 1022 1626 omues
1046 1576 1086 1628 eu

45 1671 249 1759 reipublicae
273 1675 470 1743 contemtlone
491 1685 673 1763 susceptam
701 1675 917 1754 defensiones,
945 1679 1006 1743 etsi
1027 1675 1085 1742 illa

45 1800 124 1856 erant
144 1793 180 1857 in
200 1811 239 1858 eo
260 1789 409 1873 meliora,
429 1808 509 1880 quae
532 1793 613 1873 dlxi,
634 1813 698 1862 uon
715 1793 959 1861 contemnendae
981 1803 1086 1860 tamen

45 1925 172 1995 saneque
194 1909 389 1978 tolerabiles.
431 1909 506 1992 llic,
529 1931 597 1978 cum
616 1933 737 1979 summa
753 1911 912 1980 voluntate
932 1912 1086 1980 bonorum
1108 2005 1112 2014 Ι

44 2026 150 2096 aedilis
179 2028 297 2096 curulis
326 2029 429 2096 iactus
456 2039 559 2109 esset,
589 2033 700 2098 nascio
728 2049 789 2117 quo
817 2029 911 2096 mode
941 2030 1087 2096 discessu

43 2161 105 2211 meo
131 2146 282 2214 discessit
312 2163 427 2214 esoce
449 2143 638 2236 ceciditque,
663 2157 868 2236 posteaquam
891 2165 948 2214 eos
969 2147 1086 2213 imitari

44 2265 151 2349 coepit,
179 2281 259 2350 quos
288 2265 355 2352 ipse
384 2276 586 2354 perverteret.
628 2265 702 2334 274.
728 2264 795 2333 Sed
826 2265 865 2332 de
890 2263 936 2330 M.
959 2261 1085 2330 Calidio

43 2377 176 2450 dicamus
196 2382 331 2469 aliquid,
356 2385 409 2470 qni
428 2400 492 2452 non
511 2384 568 2452 fuit
585 2394 693 2452 oramr
710 2398 790 2452 unns
807 2401 825 2451 e
842 2381 963 2462 multis3
981 2381 1085 2470 petius

41 2497 114 2564 inter
133 2499 249 2568 multos
267 2507 366 2588 prope
389 2501 562 2588 singularis
582 2497 655 2570 suita
675 2505 720 2570 ita
741 2502 922 2570 reconditas
944 2502 1084 2587 exquisi-

42 2621 144 2703 tasque
187 2621 359 2686 sententias
391 2619 497 2688 mallis
529 2630 561 2688 ct
591 2613 754 2709 pellucens
785 2618 942 2690 vestiebat
973 2621 1085 2688 matio.

43 2732 113 2801 nihil
138 2745 204 2803 tam
230 2746 384 2819 tenerum,
415 2759 507 2825 quam
535 2739 623 2806 illius
650 2738 887 2827 comprehensio
909 2739 1085 2818 uerborum,

42 2850 198 2920 nihilium
219 2852 372 2933 nmmos,
393 2854 472 2920 nihil
490 2856 573 2941 quod
592 2860 696 2942 magis
718 2859 817 2943 ipsius
838 2856 968 2922 arbitrio
987 2856 1086 2940 linge·

42 2977 135 3050 tetur,
169 2980 202 3037 ut
225 2969 345 3036 nullius
365 2973 499 3038 oratoris
522 2986 622 3058 aeque
644 2974 678 3038 iu
697 2982 850 3060 potestate
867 2971 976 3038 luerit:
991 2987 1085 3059 'quae

42 3063 166 3172 primum
190 3089 236 3154 ita
255 3106 335 3174 pura
364 3071 446 3168 erat,
476 3073 508 3158 ut
528 3088 608 3164 nihil
629 3089 794 3177 liquidius,
821 3093 866 3158 ita
886 3090 986 3158 libera
1008 3089 1086 3166 flue-

42 3202 105 3286 hut,
130 3215 164 3272 ut
185 3219 338 3292 nusquam
360 3199 617 3288 adhaeresceret3
638 3207 757 3275 nullum
777 3210 839 3275 nisi
857 3208 930 3276 loca
952 3211 1086 3296 positum
1119 3201 1120 3207 ’

44 3333 70 3388 et
97 3335 247 3411 tanquam
278 3327 314 3390 t'o
341 3325 545 3394 vermiculato
576 3326 768 3404 emblemate,
799 3332 832 3394 ut
863 3329 907 3394 ait
933 3306 1086 3420 Lucilius,

41 3563 81 3608 aot
97 3555 225 3642 (lgltume
240 3553 330 3611 nullus
347 3570 468 3614 uteorum
484 3577 526 3617 ae.
563 3563 604 3620 Gi
619 3563 650 3618 0.
664 3563 709 3618 Gr.
727 3561 756 3616 in
769 3561 804 3617 de
818 3559 869 3618 Or.
881 3560 902 3618 l.
916 3559 966 3629 25,
983 3559 1040 3616 117.
1050 3575 1086 3606 *⁴

42 3643 98 3694 elue
121 3644 165 3712 tre]
189 3647 222 3698 tra
237 3645 302 3696 etur
325 3641 389 3697 Par.
408 3642 446 3698 D.
475 3645 527 3700 Ga.
547 3647 570 3702 l.
587 3675 624 3689 ·-
647 3645 906 3717 fertuno1forma
925 3646 970 3703 ed.
988 3653 1029 3718 pi.
1049 3673 1085 3689 -

39 3726 234 3796 perditorum]
255 3727 450 3800 proditorum
474 3729 526 3786 Ga.
545 3733 569 3790 1.
587 3759 623 3775 —-
648 3749 742 3803 qaam
760 3731 837 3810 etos]
862 3735 951 3790 autur
973 3733 1023 3806 Lg.
1042 3729 1084 3788 55.

42 3805 79 3863 08.
95 3810 136 3867 70.
153 3841 190 3855 -
214 3816 379 3884 ouationes]
396 3817 436 3870 sie
452 3813 503 3889 Lg.
523 3833 617 3873 omnes
633 3825 746 3889 praeter
762 3817 805 3874 70.
825 3826 853 3874 et
868 3817 971 3887 ³5.,·in
989 3819 1086 3888 quibua

43 3901 183 3962 actiones,
198 3897 262 3952 item
274 3895 346 3954 Veu.
358 3901 381 3956 1.
399 3897 456 3956 ou.
467 3933 502 3944 -
520 3899 740 3972 accusationes]
752 3912 942 3962 accusatores
952 3903 1003 3960 Ga.
1016 3905 1084 3958 1.-

39 3985 244 4054 posteaquam]
258 3990 367 4058 postea
385 4003 451 4042 cum
469 3989 532 4048 edd.
552 3990 685 4064 quaedam
700 3997 768 4046 vett.
794 3997 960 4062 postquam
976 3987 1028 4060 113.
1040 3987 1083 4044 35.

103 4096 162 4156 771.
192 4115 293 4174 prope
316 4103 494 4178 singularia]
520 4121 619 4182 prope
644 4123 697 4162 om.
722 4105 774 4163 Gu.
796 4108 819 4161 1.
846 4105 870 4162 7.
904 4107 969 4164 Par.
987 4105 1024 4162 D.
1048 4133 1085 4149 -·

40 4178 194 4254 polluam]
208 4180 371 4258 'perducente
397 4189 450 4265 ις.
472 4189 516 4251 00.
539 4193 582 4250 dt).
613 4195 768 4268 polluceat
790 4191 841 4247 (lu.
862 4193 885 4248 l.
913 4221 947 4234 -
975 4191 1085 4264 fuerit]

42 4263 156 4328 tumet
178 4269 229 4343 Lg.
251 4272 279 4331 8.
302 4273 346 4332 30.
367 4273 411 4333 51.
434 4276 478 4336 oo.
501 4279 536 4367 liti
560 4295 630 4338 corr.
652 4278 775 4351 fuerint.
797 4276 839 4334 58.
858 4277 900 4338 70.
918 4307 952 4320 -
978 4277 1084 4346 auum]
