2640 4780
399 409 592 482 BRUTUS
615 409 706 482 CAP.
728 413 780 484 30.
1015 415 1116 488 2⁰5

78 588 150 648 sunt.
197 576 296 646 Huius
329 589 360 645 et
391 583 550 650 orationes
584 592 655 649 sunt
686 593 717 650 st
745 593 810 650 tres
838 583 880 650 ad
902 581 939 650 L.
965 581 1116 652 Fufidium

78 697 146 764 libri
169 699 276 785 scripti
301 697 341 764 de
361 699 427 768 uita
448 702 547 788 ipsius
570 710 656 780 aeta,
686 721 763 768 sane
786 701 895 782 utiles,
923 721 1003 789 ques
1023 723 1115 770 nemo

78 813 164 900 legit:
198 825 229 881 at
258 813 333 900 Gyri
361 819 457 884 vitam
485 827 515 884 et
541 818 739 906 disciplinam
767 805 888 906 legunt,
917 820 1116 907 praeclaram

77 932 158 998 illam
182 933 322 1020 quidem,
356 935 413 1001 sed
441 955 542 1023 neque
570 946 634 1002 tam
659 939 776 1004 nostris
807 937 902 1006 rebus
928 947 1032 1026 aptam
1056 957 1116 1006 nee

75 1059 171 1117 tamen
197 1039 313 1118 Scauri
345 1051 492 1120 laudibus
525 1055 781 1142 anteponendam.
828 1053 898 1144 lpse
932 1057 1027 1124 etiam
1053 1053 1114 1122 Fu-

74 1167 156 1235 fidius
177 1170 209 1234 in
230 1169 337 1256 aliquo
360 1180 559 1258 patronorum
581 1191 709 1240 numero
732 1172 798 1240 luit.

152 1283 261 1354 XXX.
289 1287 361 1354 lla.
391 1287 526 1356 Rutilius
557 1299 659 1358 antem
687 1294 721 1358 in
741 1291 875 1379 quedam
902 1292 984 1358 tristi
1007 1297 1037 1358 et
1062 1309 1115 1358 sc-

75 1423 141 1472 uero
157 1424 277 1490 genere
300 1405 424 1474 dicendi
443 1419 587 1476 versatas
605 1418 670 1490 ectr
692 1419 723 1476 et
741 1419 869 1496 uterque
888 1419 1002 1476 natura
1018 1407 1115 1477 aelre-

75 1541 153 1590 mens
181 1533 212 1592 et
238 1543 324 1592 acer.
366 1523 489 1614 ltaque,
520 1547 589 1594 cum
618 1546 681 1594 una
704 1527 898 1596 consulatum
920 1529 1113 1616 petivissent,

73 1659 129 1707 non
147 1640 203 1708 ille
226 1641 347 1722 solum,
376 1646 427 1730 qui
453 1645 611 1732 repulsam
631 1645 762 1726 tulerat,
794 1649 955 1714 accusavit
980 1645 1114 1714 ambitus

73 1757 265 1846 designatum
293 1765 540 1848 competitorem,
571 1763 630 1830 sed
658 1761 798 1831 Scaurus
827 1767 922 1832 etiarn
951 1763 1114 1830 absolutus

72 1874 211 1946 Rutilium
241 1879 274 1944 in
300 1879 448 1946 indicium
474 1883 614 1948 vocavit:
645 1880 802 1968 multaque
832 1901 930 1970 opera
955 1880 1113 1968 multaque

72 1995 217 2066 industria
241 1994 376 2062 Rutilius
397 1996 470 2075 fuit,
492 2017 573 2083 quae
599 2008 668 2064 erat
686 2009 853 2085 prepterea
874 1999 1009 2082 gratior,
1031 1997 1115 2084 qucd

72 2116 146 2182 idem
177 2131 326 2200 magnum
362 2133 473 2180 munus
507 2114 546 2180 de
578 2116 646 2180 iure
679 2114 890 2201 respondendi
930 2114 1113 2182 sustinebat

72 2230 137 2298 114.
158 2231 240 2300 Sunt
256 2233 325 2299 eius
343 2233 502 2300 crationes
519 2233 662 2312 ieiunae3
680 2232 776 2300 multa
791 2231 958 2320 praeclara
974 2231 1013 2300 de
1029 2234 1114 2314 iur03

73 2348 174 2418 dactus
200 2353 252 2419 uir
280 2359 310 2416 et
340 2349 470 2418 Graecis
499 2349 601 2418 literis
630 2351 785 2430 cruditus,
817 2349 950 2419 Panaeti
981 2350 1113 2432 auditor,

70 2487 158 2557 prope
183 2468 341 2558 perlectus
370 2470 404 2534 in
436 2466 570 2552 Stoicis3
605 2490 734 2558 quorum
762 2479 942 2558 peracutum
975 2479 1006 2538 et
1036 2471 1115 2538 artis

131 2688 175 2732 112
203 2687 290 2730 sostris
305 2687 384 2743 rebus]
399 2689 466 2732 rebus
480 2691 571 2732 nostris.

135 2853 195 2910 lla.
230 2856 383 2923 maxume]
405 2855 448 2910 bis
470 2855 510 2908 sle
532 2853 581 2925 Lg.
598 2854 624 2909 8.
648 2855 690 2909 35.
708 2853 751 2909 39.
770 2854 812 2910 51.
829 2855 872 2911 53.
890 2854 933 2909 58.
954 2853 998 2909 RB.
1025 2854 1113 2910 altero

69 2939 128 2996 loco
152 2941 294 2996 etiamid.
319 2939 390 2994 Ven.
410 2939 434 2992 l.
455 2944 490 2992 ct
511 2941 653 2995 macinae.
674 2969 709 2978 -
735 2937 830 3008 facile
848 2939 919 3005 corr]
945 2953 1004 2992 acra
1020 2937 1114 3008 facile

70 3023 117 3097 Lg.
133 3025 177 3082 39.
192 3055 227 3064 -
244 3040 334 3094 quern
353 3021 395 3074 ad
411 3021 534 3074 modum
550 3023 621 3089 scic]
639 3038 665 3092 q.
683 3025 768 3076 settis
785 3039 859 3092 susp.
876 3019 962 3076 Orell.
975 3053 1010 3063 -
1030 3025 1113 3092 acta]

70 3118 143 3183 epta
161 3109 215 3162 Gn.
235 3107 258 3161 1.
282 3106 398 3161 molesta
420 3122 477 3160 vox
499 3105 560 3160 visa
577 3104 723 3160 Schuctaio
748 3111 773 3161 tr
790 3105 992 3178 Bernhardyo‚
1014 3107 1113 3177 proba·

68 3193 158 3248 biliter
179 3199 271 3246 tamen
290 3191 447 3262 explicanti.
466 3220 500 3230 -
526 3195 639 3246 nostris
656 3189 755 3260 redes]
778 3193 818 3246 sic
842 3191 943 3246 inverti
967 3193 1114 3248 secundum

69 3277 117 3350 Lg.
135 3293 246 3344 omues3
265 3278 348 3349 idque
365 3292 461 3344 sonus,
481 3275 524 3347 qui
538 3285 579 3332 est
597 3278 759 3340 incastris,
779 3277 908 3349 postulat.
944 3275 1033 3332 Paulo
1050 3285 1114 3334 ants

65 3371 134 3436 post
152 3363 269 3418 claram
287 3362 339 3417 Gn.
359 3361 382 3415 l.
404 3379 457 3433 pro
470 3362 681 3434 praeclaram,
708 3371 796 3419 ortum
822 3380 857 3418 ex
878 3361 950 3417 male
973 3361 1113 3418 intellecto

67 3447 212 3519 p'rclaram.

134 3549 224 3606 XXX.
262 3547 320 3602 113.
355 3550 456 3618 itaque
471 3551 549 3618 cum]
564 3548 738 3619 Bernhardy,
756 3565 816 3604 cum
831 3557 895 3603 ante
910 3552 1012 3620 itaque
1026 3550 1115 3604 medie

72 3634 248 3701 distinxisset,
273 3634 301 3687 id
326 3649 358 3687 se
384 3633 482 3690 lesisse
510 3635 590 3700 dicit,
619 3633 693 3703 quod
717 3634 830 3705 vulgata
853 3633 1026 3691 distinctione
1051 3653 1114 3690 nar·

71 3721 167 3776 rationi
197 3720 231 3774 de
256 3717 353 3772 Scauri
376 3725 404 3771 et
428 3718 524 3772 Rutilii
551 3717 766 3773 accusationibus
794 3720 865 3774 male
893 3719 1038 3794 iungantur·
1066 3721 1115 3774 illa

71 3805 218 3876 multaque
242 3819 331 3876 opera
354 3807 402 3858 &c
446 3802 562 3858 Videtur
586 3803 668 3874 igitur
693 3805 863 3860 existimasse
887 3807 997 3861 multam
1019 3805 1115 3860 Rutilii

72 3903 183 3958 operam
205 3902 261 3942 non
285 3905 348 3942 csse
371 3888 462 3954 illam,
485 3904 565 3956 quam
587 3889 630 3942 sui
653 3888 818 3944 defendendi
842 3907 924 3946 causa
948 3890 1113 3954 adhibuerim

72 3973 142 4041 quod
166 3981 256 4028 tamma
280 3973 359 4028 aliter
383 3990 444 4027 esse
468 3989 525 4036 non
548 3979 648 4044 potest.
670 4002 707 4019 .-
737 3973 874 4030 Scaurus
894 4001 930 4016 -
948 3973 1111 4040 Rutilium]

71 4053 219 4114 Scaurum
234 4087 270 4102 »—
286 4057 420 4114 Rutilias
440 4056 490 4128 Lg.
505 4057 548 4114 20.
585 4063 676 4117 etiam
693 4077 746 4114 om.
766 4059 818 4114 Gu.
835 4057 860 4112 l.
951 4089 952 4092 =
1050 4100 1055 4108 .

137 4143 196 4200 tlt.
225 4143 401 4217 praeclara]
411 4143 646 4215 praeclaredlrn.
655 4147 754 4211 suasit,
769 4151 799 4198 et
805 4141 971 4216 praeclara
982 4137 1068 4201 Orell.
1077 4171 1112 4180 —

72 4221 209 4302 Panaeti]
226 4230 267 4288 sic
284 4235 330 4286 aut
341 4227 455 4289 Pacete
466 4213 863 4302 lassataslasatas
880 4226 952 4282 Ver.
961 4228 987 4284 1.
1006 4226 1112 4284 var.-
