2690 4780
235 565 238 574 ,
296 491 386 565 139
457 485 609 556 BREVIS
627 484 927 569 ELOQUENTIAE
948 484 1053 554 ROM.
1073 483 1184 555 HlS'l'.

296 662 374 726 dieto
402 678 492 743 saepe
518 662 612 724 minus
633 667 799 742 opportune
821 665 952 722 uteretur
966 654 1034 739 (55).
1075 659 1253 726 valetudine
1275 660 1334 724 ado·

294 765 409 827 lesceos
430 781 489 825 non
510 764 645 842 integra,
673 761 726 824 sed
745 762 824 823 iusto
848 761 955 824 labore
974 763 1112 842 vitaeque
1134 779 1248 840 genere
1267 762 1334 840 frugi

295 873 325 928 et
352 864 463 926 sobrio
482 864 611 927 relectus
638 881 703 926 esse
732 861 839 924 dicitur
859 857 921 940 (⁵⁴).
965 862 1095 944 Stirpem
1122 880 1184 924 non
1212 863 1333 944 reliquit;

295 973 375 1028 certe
401 963 491 1027 aedes
518 965 582 1026 eius
609 965 640 1026 iu
661 963 779 1027 Palatio
808 962 847 1026 ad
868 964 1060 1026 Octavianum
1084 964 1253 1044 Augustum
1277 982 1332 1044 per·

294 1074 437 1130 venerunt
458 1073 487 1130 et
509 1066 548 1128 ab
573 1083 608 1128 eo
630 1065 782 1128 habitatae
805 1073 871 1126 sunt
885 1062 947 1144 (55).

381 1166 505 1232 Galtum
528 1173 646 1247 poetam
671 1173 769 1227 aetate
795 1184 851 1228 sna
876 1183 937 1227 non
958 1172 1169 1248 contemptum,
1201 1173 1330 1228 oratorem

296 1274 393 1332 autem
411 1269 489 1330 inter
508 1283 576 1342 eos,
599 1266 650 1346 qni
670 1266 831 1328 siccitatem
851 1266 934 1328 illam
949 1269 1077 1330 Atticam
1098 1273 1329 1338 consectarentur,

293 1369 384 1452 plane
413 1367 550 1430 eximium
576 1366 668 1428 luisse
690 1375 814 1430 constat.
856 1367 895 1430 Et
918 1369 1091 1432 Ciceronem
1112 1367 1232 1448 quidem
1256 1364 1328 1446 paulo

292 1470 423 1550 iniquius
445 1468 482 1532 de
503 1486 539 1530 eo
560 1467 693 1530 iudicare
714 1485 774 1530 nou
788 1468 942 1544 miramur,
965 1470 992 1530 si
1011 1468 1128 1550 quidem
1145 1467 1268 1532 Galnum
1284 1482 1328 1528 uon

294 1571 472 1632 abstinuisse
493 1569 637 1648 uidemus,
667 1589 726 1650 qno
748 1570 842 1632 minus
862 1570 1051 1632 iniustissime
1072 1569 1109 1631 de
1128 1570 1263 1652 principe
1281 1567 1327 1628 llo-

293 1689 447 1734 meuornm
465 1679 616 1734 oratorum
639 1672 835 1746 existimaret,
860 1671 939 1752 quud
959 1671 1077 1752 plenior
1098 1677 1128 1732 et
1147 1667 1327 1733 uehementior

294 1780 325 1834 et
352 1772 537 1834 numerosior
565 1788 631 1833 esse
657 1772 808 1847 noluerat,
843 1790 931 1853 quam
960 1773 1012 1852 qui
1042 1779 1110 1833 aute
1136 1787 1204 1834 eum
1229 1769 1326 1830 tuerat

295 1871 482 1952 eloquentiae
496 1870 586 1934 laude
602 1871 678 1934 clari
691 1867 755 1952 (55).
787 1873 904 1936 Peritos
923 1873 999 1936 enim
1013 1879 1042 1934 et
1057 1871 1228 1936 moderatus
1242 1872 1325 1932 larun

294 1989 393 2036 rerum
414 1972 504 2036 index
519 1973 635 2037 Seneca
655 1972 777 2052 longam
799 1981 829 2036 et
847 1974 1059 2054 iniquissimam
1080 1973 1162 2036 litem
1185 1971 1222 2034 de
1235 1969 1324 2051 priuci-

291 2081 366 2156 patn
387 2073 575 2156 eloquentiae
599 2091 664 2136 com
685 2074 828 2136 Cicerone
850 2074 974 2138 Caluum
994 2074 1133 2136 habuisse
1153 2067 1322 2149 iudicaret).

291 2174 356 2239 Sed
377 2175 433 2236 etsi
453 2174 591 2238 Ciceroni
612 2173 788 2236 credendum
811 2183 855 2236 est
873 2174 998 2239 Galunm
1020 2191 1113 2252 genus
1136 2173 1252 2236 dicendi
1269 2171 1323 2232 ule-

293 2276 356 2337 rius
377 2281 406 2335 et
421 2274 619 2337 uehementius
636 2281 665 2334 et
682 2276 865 2337 numerosius
883 2293 920 2338 ea
935 2276 1060 2337 maxime
1077 2274 1114 2338 de
1133 2292 1226 2337 cansa
1242 2287 1334 2356 aspers

293 2381 393 2438 natum
415 2391 493 2450 esse,
516 2373 596 2456 quod
616 2381 741 2438 naturae
762 2376 834 2441 nitio
857 2377 977 2457 assequi
996 2394 1055 2438 uon
1076 2383 1194 2457 posset,
1216 2382 1257 2449 et,
1276 2361 1334 2434 cun*

292 2475 379 2537 nimis
399 2475 431 2536 iu
446 2492 479 2536 se
498 2475 661 2556 inquireret
680 2483 710 2538 et
727 2494 847 2540 suorum
864 2478 1021 2542 uerborum
1044 2477 1130 2558 qnasi
1151 2475 1322 2539 calumniator

292 2577 358 2656 ipse
390 2577 558 2652 exsisteret,
593 2577 681 2640 etiam
707 2595 824 2656 eamn,
858 2596 935 2660 quae
963 2585 1061 2654 erant,
1096 2578 1204 2641 uirium
1230 2581 1331 2658 partem¹

292 2675 476 2758 perdidisse:
508 2687 606 2741 tamen
635 2681 668 2742 iu
697 2689 784 2762 parte
815 2679 1001 2760 eloquentiae
1033 2679 1150 2742 minime
1181 2680 1330 2754 contempto

292 2795 419 2840 summus
440 2778 497 2840 ituit
524 2787 553 2842 et
575 2780 613 2842 ab
639 2782 771 2844 omnibns
793 2781 979 2856 auctoribus,
1008 2781 1034 2842 si
1063 2781 1100 2840 ab
1122 2781 1205 2860 Apro
1229 2771 1329 2850 dialogii

292 2876 329 2940 de
345 2881 513 2942 oratoribus
535 2899 665 2962 persona
687 2881 874 2956 discesseris,
894 2882 1006 2944 meritis
1021 2880 1159 2944 laudibus
1182 2877 1328 2942 enrtollitur.l

290 2977 347 3041 Ille
370 2999 442 3042 sane
463 2981 588 3046 Galbam
609 2990 638 3044 et
660 2980 826 3046 Carbonem
848 2981 986 3044 horridos
1013 2983 1188 3063 antiquitate
1210 2987 1238 3042 et
1251 2967 1327 3040 rudo*

292 3082 429 3162 exempla
459 3082 498 3144 ad
527 3082 697 3145 imitandum
729 3084 758 3144 ei
786 3084 942 3166 proposita
974 3083 1067 3146 fuisse
1098 3081 1181 3158 dicit,
1213 3029 1326 3158 iniquittA

289 3180 440 3257 indicans,
461 3190 494 3244 nt
511 3183 618 3244 accidit
638 3184 670 3244 in
686 3189 841 3264 unamque
858 3192 972 3266 partem
988 3178 1225 3266 disputantibus(
1249 3182 1268 3258 ).

290 3282 405 3344 Plinius
425 3282 541 3364 qnidam
557 3301 594 3345 ea
610 3290 801 3348 consecutum·
812 3283 895 3361 dicit,
918 3303 995 3366 quae
1010 3285 1113 3366 pauci,
1137 3301 1210 3364 quos
1227 3297 1292 3358 aequ

285 3382 435 3446 amaverit
454 3382 566 3464 Iupiter
576 3381 641 3466 (55).
673 3385 788 3450 Seneca
810 3403 874 3449 cum
890 3385 1015 3448 aetionis
1036 3386 1096 3450 nim
1116 3384 1250 3448 laudibus
1265 3379 1289 3440 le

291 3497 351 3562 qua
371 3483 481 3564 impetn
502 3484 619 3548 dicendi
640 3485 735 3550 clatus
756 3504 851 3568 usque
872 3485 911 3548 ad
926 3485 1115 3549 aduersarios
1137 3493 1301 3548 trauscmre

291 3591 320 3644 et
336 3583 480 3647 subsellia
499 3587 627 3651 iudicum
647 3587 791 3652 excedere
807 3589 923 3651 solebat
934 3581 1003 3667 (⁶⁰),
1024 3593 1085 3648 tum
1101 3585 1281 3668 composition

290 3682 330 3744 ad
350 3683 553 3751 Demosthenis
574 3690 738 3773 exemplum
758 3705 891 3754 seueram
912 3695 942 3751 et
963 3686 1153 3764 concitatam3
1174 3687 1205 3748 iu
1225 3699 1276 3766 qna

281 3991 361 4038 essm
375 3986 620 4056 enipeusprimus
634 3987 765 4057 explicuit
776 3987 900 4059 Scaliger
917 3988 953 4042 ad
967 3988 1110 4044 Catullum.
1198 3984 1240 4050 54)
1256 3976 1290 4033 Ρ’

288 4063 324 4120 Η.
333 4066 370 4122 Ν.
382 4067 509 4124 XXXIV.
520 4069 579 4125 18.“
647 4071 694 4139 55)
711 4072 788 4129 Suet
798 4069 950 4128 Oetaeum.
1037 4075 1083 4143 56)
1102 4072 1176 4130 Dial.
1193 4069 1227 4124 tle
1240 4080 1273 4118 ⁰1·-

289 4147 346 4206 (ilc.
360 4152 417 4208 Att
436 4151 511 4208 XIV.
529 4153 571 4208 20.
595 4153 658 4211 XV.
677 4155 700 4210 l.
716 4156 759 4212 21.
784 4157 819 4211 tle
832 4166 890 4228 opt.
904 4157 932 4214 9.
950 4175 992 4217 οἳ.
1005 4162 1031 4216 4.
1236 4189 1243 4204 ·

279 4241 361 4288 cmv.
380 4233 426 4288 m.
446 4235 487 4292 uo.
506 4253 533 4307 p.
552 4237 604 4292 aaa
620 4237 685 4311 erp.
773 4241 820 4312 aa)
844 4243 957 4304 eurum.
973 4244 993 4300 1.
1010 4245 1040 4311 o,
1058 4246 1101 4302 m.
1123 4291 1127 4302 .
1191 4238 1233 4307 ⁵9)
1254 4228 1288 4288 P'

289 4313 362 4385 El’l'·
380 4314 402 4372 l·
418 4317 445 4372 2·
530 4320 577 4392 60)
597 4323 705 4383 Seneca
720 4327 740 4384 Ι.
758 4343 781 4386 e.
809 4327 844 4386 ci.
861 4328 974 4391 Quintil.
991 4328 1039 4388 Xl.
1057 4329 1091 4398 a,
1108 4327 1168 4386 1³³.
