2674 4782
265 397 359 473 rus
644 394 926 506 cronaonrs

267 580 297 637 ot
319 568 421 636 studio
441 561 472 635 et
492 567 601 635 habuit
623 567 776 656 quasdam
798 569 893 634 etium
914 565 1104 635 domesticas
1121 566 1318 657 disciplinas.

269 703 342 754 nam
369 698 490 754 etcum
513 701 631 755 summo
654 685 711 754 illo
734 689 858 754 oratore
882 685 953 754 Ser.
977 684 1095 765 Galba,
1124 689 1217 754 ouius
1240 687 1318 754 Gaio

267 805 332 873 ilio
360 805 458 880 filiam
486 827 576 874 suam
606 805 833 884 collocaverat,
864 802 1014 872 afinitate
1042 825 1114 872 sese
1136 806 1333 873 devinxerant

268 933 313 1002 et,
337 941 406 991 cum
427 936 513 992 essct
533 924 567 991 P.
590 924 678 991 Muci
698 923 781 990 filius
798 922 987 1011 fratremque
1007 921 1140 990 haberet
1159 923 1197 989 P.
1222 923 1319 992 Scae-

268 1042 390 1122 uolam,
424 1043 507 1110 rlomi
542 1046 592 1110 ius
625 1043 717 1111 civile
751 1052 951 1127 cognoverat.
998 1038 1034 1106 ln
1063 1061 1102 1108 eo
1133 1041 1320 1108 industriam

270 1171 393 1228 constat
424 1181 575 1228 summam
604 1163 703 1228 luisse
737 1178 972 1248 maxumamquc
1002 1161 1154 1245 gratiam,
1188 1179 1262 1227 cum
1295 1171 1321 1226 et

269 1280 485 1346 consuleretur
507 1279 680 1368 plurumum
708 1290 739 1346 et
766 1281 892 1346 diceret.
941 1278 992 1344 99.
1019 1275 1137 1344 Horum
1164 1267 1334 1346 aetatibus}

270 1397 408 1463 adiuncti
440 1397 501 1465 duo
530 1395 565 1463 G.
592 1395 705 1464 Fannii
738 1395 772 1463 G.
801 1407 832 1464 ct
857 1395 902 1462 M.
929 1395 985 1462 filii
1016 1395 1155 1462 fuerunt:
1191 1417 1321 1484 quorum

271 1512 332 1578 Gai
354 1513 451 1594 lilius,
475 1517 528 1602 qni
550 1516 661 1582 consul
683 1535 752 1584 cum
774 1513 911 1583 Domitio
933 1515 1006 1593 luit,
1027 1533 1121 1580 unam
1143 1518 1321 1582 orationem

270 1631 310 1696 de
343 1625 441 1699 sociis
473 1645 504 1700 et
535 1637 660 1700 nomine
693 1631 808 1700 Latino
844 1643 953 1699 contra
987 1631 1162 1699 Gracchum
1194 1633 1324 1721 reliquit

269 1761 348 1816 sane
381 1761 412 1816 et
436 1751 551 1818 bonam
578 1763 609 1818 et
633 1750 782 1818 nobilem.
832 1749 913 1816 'lum
940 1750 1077 1817 Atticus:
1110 1748 1196 1828 Quid
1223 1757 1324 1837 crgo?

156 1910 166 1938 a
269 1866 357 1934 estne
390 1871 453 1935 ista
479 1867 598 1936 Fannii
630 1889 704 1935 nam
731 1869 823 1936 varia
852 1870 957 1955 opinio
983 1872 1088 1956 pueris
1115 1867 1211 1934 nobis
1246 1881 1323 1937 erat.

269 1984 337 2052 Alii
366 2005 386 2052 a
415 1984 450 2052 G.
472 1985 583 2055 Persio
609 1988 735 2056 literato
768 1985 893 2053 homine
917 1987 1062 2072 scriptam
1084 2005 1157 2052 esse
1182 1988 1324 2067 aiebant,

267 2103 339 2183 illo,
372 2125 462 2192 quem
494 2106 652 2190 significat
681 2105 775 2172 valde
809 2105 932 2172 doctum
964 2123 1036 2170 esse
1069 2101 1232 2172 Lucilius:
1270 2108 1324 2173 alii

268 2222 382 2288 multos
403 2223 520 2288 nobilis
546 2224 629 2309 quod
651 2226 782 2310 quisque
804 2224 957 2310 potuisset
977 2223 1011 2287 in
1033 2221 1121 2288 illam
1143 2225 1323 2291 orationem

269 2339 451 2406 contulisse.
495 2336 567 2406 lou.
591 2337 671 2406 Tum
689 2359 765 2426 ego,
787 2341 903 2408 Audivi
920 2339 1063 2427 equidem
1081 2343 1159 2418 ista,
1183 2342 1324 2428 inquam,

269 2455 307 2522 dc
323 2457 497 2553 maioribus
518 2465 606 2533 natu,
629 2459 686 2525 seul
703 2473 859 2546 nunquam
881 2476 949 2524 sum
972 2455 1139 2536 adductus,
1158 2467 1194 2525 ut
1211 2461 1323 2528 crede·

269 2593 350 2653 rem3
384 2592 515 2662 eamque
548 2579 757 2664 suspicionem
790 2588 916 2666 propter
946 2575 1028 2644 hanc
1062 2595 1194 2644 causam
1226 2580 1324 2647 credo

336 2775 381 2818 100.
407 2787 457 2818 cum
471 2777 585 2832 Fannius]
600 2790 649 2820 cum
664 2782 687 2820 et
700 2779 804 2821 Fannius.

267 2942 318 3016 Lg.
328 2943 354 2999 8.
364 2943 405 3001 51.
420 2945 490 3004 Van.
505 2944 562 3003 0tu.
579 2947 630 3004 Gn.
642 2948 707 3003 l.-
720 2953 827 3002 etcum
836 2945 925 3014 errat]
936 2950 1002 3000 utrm
1011 2951 1063 3002 om.
1073 2945 1125 3002 Gm
1136 2945 1159 3002 l.
1169 2965 1204 2988 h
1223 2947 1325 3018 Mum]

268 3025 318 3102 [ις.
329 3031 353 3086 8.
368 3028 410 3086 39.
425 3032 467 3088 51.
477 3031 518 3086 53.
529 3032 570 3088 58.
585 3031 627 3087 68.
637 3032 679 3086 70.
689 3063 725 3074 —-
742 3029 861 3087 cunctat
878 3044 1026 3086 summm
1035 3030 1142 3102 focace]
1160 3047 1216 3088 om.
1229 3033 1291 3092 Gn.
1306 3037 1326 3091 l.

338 3151 382 3206 99.
418 3150 477 3206 duo
499 3151 528 3207 (ἶ.
549 3149 662 3206 Fannii
678 3181 713 3190 -
728 3149 823 3222 pilius]
851 3151 908 3204 dare
938 3149 968 3205 C.
987 3142 1122 3206 Fannius
1145 3158 1174 3205 et
1193 3148 1328 3210 Marcus

267 3233 350 3306 filios
367 3235 507 3306 fuerunt,
524 3253 649 3307 quorum
662 3233 751 3291 Gaius
766 3237 847 3307 filius
865 3235 907 3290 ed.
920 3241 960 3306 pr.
993 3236 1050 3290 Sed
1063 3232 1162 3292 Fauni
1172 3233 1250 3293 Van.
1268 3241 1293 3294 l.
1307 3239 1327 3293 i.

270 3317 334 3376 Vnt
360 3319 455 3376 onon.
480 3319 530 3393 Lg.
548 3329 660 3392 praeter
678 3321 738 3389 20„
763 3322 808 3392 qni
825 3319 954 3385 Fannii,·
976 3319 1076 3376 Fauni
1095 3321 1147 3378 Gu.
1163 3321 1201 3387 l.;
1220 3321 1328 3378 deinde

273 3391 341 3461 Catu
367 3411 392 3461 a
416 3405 522 3462 Marci
548 3407 642 3479 plures
668 3407 832 3479 exscriptum
857 3405 974 3472 habent,
1001 3405 1090 3460 nullus
1119 3403 1185 3461 Gai.
1227 3407 1262 3463 C.
1283 3409 1327 3463 Μ.

271 3493 372 3548 omisso
389 3496 420 3548 ’et
431 3493 502 3548 Van.
516 3493 537 3548 1.
548 3523 584 3533 -—
602 3491 709 3547 bonam
726 3494 766 3560 et]
785 3510 838 3546 om.
857 3495 886 3546 et
900 3490 952 3546 Gu.
968 3489 1034 3545 1.-
1055 3493 1146 3564 erpo?
1162 3493 1262 3561 estne]
1283 3503 1328 3549 est

271 3579 505 3650 erponeLg.39.
533 3585 661 3650 euterpe
675 3583 693 3635 t.
708 3577 796 3633 F.51.
823 3575 924 3632 Fanni
933 3575 984 3648 ng.
996 3571 1021 3632 8.
1036 3577 1079 3632 35.
1092 3578 1133 3631 51.
1144 3575 1188 3632 68.
1208 3576 1287 3634 Ven.
1303 3581 1327 3636 ἱ).

271 3658 327 3716 Otr.
357 3655 438 3718 Fano
451 3663 537 3720 Gul.
568 3661 681 3720 Fannii
694 3663 739 3718 hic
752 3656 903 3717 Ven.l.·-
924 3661 1043 3732 nobilis]
1063 3659 1166 3732 schg.
1181 3661 1209 3716 8.
1224 3663 1271 3718 51.
1288 3667 1328 3721 56,

342 3796 397 3852 roo.
432 3802 565 3874 apaan]
585 3799 633 3872 ng.
653 3795 695 3855 co.
716 3797 758 3852 aa.
778 3797 819 3852 aa.
838 3796 881 3852 co.
902 3797 943 3852 ro.
967 3797 1038 3851 ven.
1057 3797 1079 3851 r.
1097 3799 1133 3866 (rs
1151 3774 1280 3870 cp‘uaa).
1294 3833 1327 3842 -

272 3885 360 3954 curet]
385 3891 430 3938 cst
452 3887 494 3942 erl.
516 3903 558 3956 pr.
576 3913 611 3928 ν-
636 3885 733 3952 stilos]
758 3883 837 3939 codd.
856 3899 966 3947 omnes3
989 3882 1055 3938 Ero.
1072 3881 1158 3955 fitam
1174 3887 1273 3941 suasit.
1295 3919 1329 3928 -

270 3987 338 4028 cum
351 3965 496 4040 Fannius]
511 3987 577 4026 mum
591 3977 620 4023 et
633 3969 666 4025 F.
681 3967 759 4024 colu.
784 3985 850 4024 cum
865 3971 894 4021 ct
904 3966 939 4021 F.
952 3966 1085 4022 Ernestur
1095 3969 1194 4026 voluit.
1220 3969 1265 4028 Et
1280 3991 1331 4028 απ

272 4057 378 4111 tenuius
397 4058 524 4111 videatur
539 4045 737 4126 Bernhardyo‚
758 4069 838 4125 quam
858 4052 931 4123 quod
948 4051 1053 4108 Fannio
1072 4063 1249 4125 opponatur,
1271 4075 1329 4114 nou

269 4159 337 4196 sano
348 4141 479 4211 intelligo.
503 4139 564 4196 Nec
577 4139 613 4192 ad
623 4138 796 4210 hyperbaton
807 4136 955 4208 confugere
964 4138 1029 4192 licet
1043 4155 1104 4193 cum
1114 4141 1223 4212 Wopk.
1233 4141 1331 4200 hectt.

271 4223 341 4282 Tull.
360 4224 379 4280 l.
395 4225 433 4293 7.,
451 4231 482 4284 nt
498 4224 597 4281 uictum
614 4223 650 4279 alt
666 4241 718 4296 pro
737 4239 804 4280 cum
820 4221 954 4282 Fannius
972 4230 1002 4279 et
1020 4224 1057 4279 ite
1071 4223 1215 4282 Menelao
1233 4235 1266 4284 et
1280 4235 1331 4285 &a
