2676 4774
186 492 335 564 BREVlS
356 489 655 576 ELOQUENTIAE
677 492 779 562 ROM.
802 493 910 564 lllST.
1007 501 1069 574 8³

46 669 97 732 ueri
122 667 212 730 simile
232 665 386 731 uidebitur.
430 665 476 729 De
496 665 646 748 prioribus
668 668 829 731 honoribus
850 669 888 731 ab
911 688 946 734 eo
969 673 1071 752 gestis,

46 772 67 832 si
88 777 248 852 praeturam
270 768 418 850 excipias,
445 785 504 830 non
533 775 659 830 constat:
693 769 862 832 coniectura
882 778 979 834 tamen
999 792 1070 856 pro-

46 871 138 932 babilis
163 869 276 934 uidetur
300 869 376 932 hunc
404 885 470 930 esse
495 869 579 931 illum
607 869 673 933 Ser.
697 869 834 946 Galbam,
862 873 913 954 qni
937 874 1070 938 hibunas

46 972 151 1034 militma
166 971 304 1034 seditiose
321 967 517 1033 contionando
533 971 598 1034 uiro
615 971 723 1032 eximio
739 970 775 1035 L.
785 971 881 1036 Paulo
897 975 1072 1057 triumphum

46 1071 74 1133 de
92 1091 157 1152 rege
172 1073 264 1136 Perse
286 1078 417 1152 ereptum
438 1071 509 1133 ibat.
547 1070 594 1134 Ea
614 1089 663 1134 res
686 1071 762 1132 eninr
787 1072 889 1136 incidit
909 1075 939 1136 in
957 1094 985 1138 a.
999 1077 1072 1153 587,

46 1179 70 1233 ut
83 1175 163 1236 aetati
174 1173 288 1240 Galbae
305 1172 473 1246 conueniat,
489 1189 543 1234 nec
561 1169 597 1233 de
615 1172 707 1235 nihilo
718 1171 819 1235 Liuius
831 1169 882 1254 (ὅ)
897 1179 1074 1258 apposuisse

45 1273 141 1337 tidelm
159 1275 354 1338 testimonium
375 1273 412 1336 de
434 1271 604 1354 eloquentia
624 1273 783 1336 turbulenti
798 1275 922 1338 hominis
938 1278 983 1340 M.
1000 1279 1073 1344 Ser·

46 1373 96 1435 uilii
124 1374 287 1440 aduersarii
315 1391 368 1438 ore
399 1373 563 1456 prolatum:
594 1374 707 1454 ingenii
739 1373 865 1457 denique
899 1385 928 1440 et
960 1397 1073 1444 morum

45 1475 151 1538 maxima
169 1476 286 1541 uidetur
306 1473 475 1538 simihurdo.
510 1475 685 1540 Praeturam
703 1485 838 1556 gesserat
859 1495 887 1540 a.
908 1480 987 1556 603,
1014 1499 1073 1563 qno

45 1575 157 1639 tribunus
192 1577 292 1660 plebis
323 1573 445 1639 Laelius
479 1582 553 1639 erat.
605 1575 653 1640 Ex
684 1578 860 1657 magistratu
890 1579 1073 1646 Lusitaniam

45 1677 218 1754 prouinciam¹
235 1678 358 1741 sortitus
388 1675 473 1739 clade
501 1685 624 1759 accepta
650 1679 778 1742 mamma
798 1679 957 1744 Lusitanos
978 1683 1072 1746 nihilo

44 1777 119 1840 ninus
149 1797 263 1842 summa
296 1778 385 1840 animi
412 1780 612 1858 generositate
638 1797 741 1862 pacem
768 1779 923 1844 offerentes
949 1785 1075 1866 turpiter

44 1875 152 1960 decepit;
176 1899 231 1964 per
261 1879 476 1944 simulationem
497 1881 573 1942 eninr
593 1880 682 1942 datae
699 1880 768 1944 idei
789 1881 949 1944 exercitum
969 1883 1073 1946 inermi

45 1979 198 2046 ualitudini
232 1979 437 2055 circumdedit,
469 1997 573 2044 nouem
609 1981 704 2042 mihis
736 1979 803 2060 (alii
829 1983 954 2061 triginta
980 1985 1075 2046 millia

44 2078 136 2162 dicunt)
161 2081 335 2158 trucidarit,
365 2089 479 2144 ceteros
506 2089 610 2162 captos
637 2081 691 2142 sub
712 2082 800 2142 hasta
822 2081 960 2144 uendidit.
1002 2083 1074 2147 Veri

45 2180 123 2244 simile
138 2189 181 2246 est
198 2183 325 2262 triginta
341 2181 437 2246 millia
452 2178 546 2244 fuisse
562 2180 715 2244 dediticios
731 2198 846 2244 omnes:
866 2199 951 2262 quem
962 2190 1073 2248 utram·

45 2300 89 2360 pue
110 2303 257 2348 numerum
283 2285 436 2348 confusum
458 2290 508 2346 aut
530 2299 633 2346 errore
662 2282 839 2364 scriptorum
865 2289 916 2345 aut
939 2283 1072 2348 lubidine

46 2385 144 2446 renin
171 2387 267 2448 mains
292 2385 420 2465 augendi
446 2391 527 2466 puto.
571 2383 645 2448 llinc
667 2383 795 2446 manium
814 2383 926 2447 inuidia
947 2385 1075 2448 conflata

45 2482 72 2544 h.
89 2485 257 2549 Scribonius
283 2485 360 2549 Libo
385 2486 519 2548 tribunus
545 2484 644 2566 legem
668 2485 749 2561 tulit,
778 2485 821 2547 nti
841 2486 991 2562 Lusitani,
1023 2488 1074 2568 qui

45 2584 206 2651 irGalliam
231 2605 336 2652 renum
363 2587 425 2649 dati
452 2593 563 2662 essent,
591 2587 623 2648 in
649 2585 815 2648 libertatem
841 2587 1073 2652 restituerentur.

45 2685 121 2761 Quam
147 2689 335 2769 rogationem
363 2695 414 2750 ant
442 2706 506 2750 cum
532 2688 720 2750 accusatione
748 2687 862 2750 Galbae
889 2689 1073 2752 coniunctam

45 2785 118 2851 luisse
139 2798 190 2852 aut
212 2807 232 2850 a
251 2790 297 2853 Μ.
319 2787 446 2864 Getone,
474 2789 526 2869 qui
547 2805 610 2864 eam
634 2788 777 2850 aceruus
798 2789 904 2862 suasit,
932 2789 963 2850 in
984 2807 1074 2852 accu-

45 2889 167 2954 sationem
201 2907 374 2953 conuersam
401 2905 466 2952 esse
492 2893 609 2969 oportet
624 2883 683 2965 (θ).
730 2889 806 2950 lluic
833 2895 862 2949 et
889 2887 925 2964 Q.
953 2889 1075 2952 Fuluius

45 2989 163 3057 Nobilior
196 3011 258 3056 cos.
291 3009 319 3051 a.
347 2991 408 3051 ool
440 3004 531 3068 saepe
562 2987 594 3048 in
626 2993 729 3047 senatu
761 3006 780 3048 a
813 2986 926 3050 Gatone
957 2989 1076 3069 probris

45 3089 175 3156 laceratus
193 3100 224 3154 et
241 3092 306 3170 ipse
318 3089 415 3150 Galba
426 3086 592 3168 respondit,-
609 3085 662 3167 ‘spu
679 3103 736 3167 quo
750 3085 835 3149 modo
853 3105 886 3148 se
902 3088 930 3150 ei
942 3088 1077 3151 dammae

46 3193 168 3274 eripuerit
191 3189 297 3255 Cicero
318 3190 349 3250 in
369 3189 461 3250 Bruto
484 3183 691 3269 exposuit(⁷).
735 3187 810 3250 Tres
833 3187 947 3252 Galbae
968 3189 999 3250 in
1020 3191 1076 3252 hac

46 3308 117 3356 causa
138 3300 226 3358 eraut
246 3291 411 3364 crationes;
434 3288 510 3351 duae
531 3288 672 3352 aduersus
693 3288 835 3351 Libonem
856 3291 1003 3352 tribunum
1024 3309 1075 3354 ro·

46 3396 236 3477 potionemque
257 3394 320 3456 eius
338 3387 400 3472 (Β),
421 3409 481 3454 una
497 3390 638 3454 aduersus
652 3389 698 3452 M.
715 3387 884 3452 Gornelium
903 3390 1074 3472 Cethegum,

45 3509 92 3572 qua
104 3498 262 3560 Lusitanos
279 3515 299 3558 a
314 3513 347 3558 se
363 3495 587 3567 circumuentos,
609 3489 689 3572 qnod
707 3489 765 3552 sibi
780 3490 904 3553 insidias
921 3501 1080 3568 struerent,

44 3591 249 3676 fatebatur(⁹).
293 3597 405 3661 Tamen
426 3593 540 3674 aliquot
561 3591 646 3652 annis
667 3591 936 3670 postconsulatum
957 3599 1002 3654 est
1023 3591 1077 3654 ad-

47 3701 114 3772 eptus
140 3717 167 3763 a.
189 3700 263 3760 610.
312 3693 437 3773 Quando
459 3691 620 3755 decesserit
647 3707 706 3753 non
731 3698 776 3753 est
797 3699 991 3773 compertum3
1018 3710 1077 3757 non

47 3829 238 3848 ''Qu-...n-

101 3909 126 3976 5)
145 3909 208 3966 Liv.
227 3906 315 3966 XLV.
332 3907 381 3974 37,
399 3907 424 3963 3.
512 3906 541 3975 6)
559 3905 622 3960 Lis.
641 3906 707 3975 epit.
725 3904 826 3962 XLIX.
859 3907 916 3962 Cic.
933 3905 1015 3962 Brut.
1032 3905 1075 3959 Ὦ.

36 3987 68 4054 ll)
84 3989 139 4050 Liv.
157 3994 176 4048 l.
194 4011 219 4051 c.
250 3993 306 4048 Cic.
325 3994 343 4047 l.
362 4011 386 4050 c.
421 3991 564 4063 Appianas
585 3998 675 4044 autem
692 3991 770 4062 Hisp.
790 4009 813 4046 e.
833 3991 876 4046 60.
894 3997 1011 4061 propter
1029 4005 1078 4058 pe-

37 4077 139 4148 leuaiam
164 4079 317 4135 absolutum
344 4078 417 4134 dicit.
505 4075 534 4142 8)
559 4073 621 4132 htv.
644 4075 662 4130 l.
681 4093 704 4131 e.
792 4075 820 4142 9)
848 4074 946 4133 Cicero
967 4072 1079 4145 ambigit

44 4155 139 4218 Galbae
163 4181 333 4220 cassanum
356 4163 384 4218 in
403 4162 437 4219 L.
456 4157 591 4217 Marcium
608 4159 651 4216 Μ’
668 4158 814 4216 Manilium
838 4164 874 4230 (a.
898 4159 963 4228 605)
986 4176 1022 4215 an
1049 4159 1077 4212 in

48 4237 74 4296 'l-
89 4246 241 4305 Quinctium
258 4247 299 4302 Μ’
317 4249 430 4302 Acilium
450 4246 577 4301 consules
601 4248 638 4313 (a.
662 4247 726 4315 oct)
748 4245 864 4311 incidat3
890 4252 920 4299 nt
941 4261 976 4300 na
997 4261 1079 4318 prae·

40 4329 121 4398 ptorius
137 4335 246 4399 cuidem
263 4333 368 4389 Galbae
384 4350 472 4388 annus
488 4339 579 4388 certata
595 4331 638 4388 ait.

847 4435 868 4498 3

43 4637 49 4749 p
122 4610 126 4623 .
