2646 4772
215 444 279 513 AD
301 447 387 516 cic.
409 441 612 518 BRUTUM
635 452 725 521 GAP.
746 455 777 522 tl.
800 457 830 526 7.
852 457 882 525 Β.
986 463 1075 534 331

115 633 149 674 ea
178 619 297 695 quicum
322 619 413 698 cobus]
446 621 627 700 inventione,
656 625 865 708 dispositione,
897 629 1072 712 elocutione,

45 716 182 792 nemoris,
204 719 336 782 actione:
357 739 385 784 r.
403 719 440 784 tle
458 723 510 786 0r.
528 723 550 786 l.
570 727 627 802 31,
648 730 719 792 142.
745 729 783 793 11.
803 731 860 808 19,
875 733 926 796 79.
949 733 1069 812 Quintil.

43 813 83 878 lll.
104 819 134 890 3,
156 819 185 880 7.

111 917 170 982 llll.
210 921 262 982 26.
304 925 491 981 muccmcotts
518 933 544 982 ct
569 925 669 1006 brea]
695 929 869 1010 Bernhardy
898 929 1071 1013 beudyadyu

41 1017 114 1080 etiam
139 1027 205 1100 post
232 1019 376 1083 Lobeolii
405 1037 491 1084 curos
520 1023 559 1086 ud
586 1027 633 1088 At.
666 1029 736 1092 145.
764 1030 876 1094 nullam
903 1049 968 1096 esse
997 1051 1069 1116 pro·

40 1120 157 1182 nuntiuus
179 1120 308 1202 explicet
329 1122 492 1186 cretionem
513 1125 603 1186 lactc
624 1135 651 1186 ct
670 1129 768 1190 cctbm
782 1131 901 1209 publicis
920 1149 985 1196 esse
1006 1142 1068 1198 tro·

39 1217 122 1280 ditum.
163 1220 242 1298 Quid
267 1222 305 1284 sit
325 1222 422 1282 acidos
442 1223 562 1302 publicio
586 1228 695 1289 tradita
717 1236 810 1292 cretio
835 1249 894 1296 nou
915 1233 1069 1315 iutelligo;

38 1320 59 1378 si
72 1320 269 1402 intelligerem,
287 1341 371 1382 assem
386 1323 532 1388 vocubulc
549 1339 791 1392 monocentaurum
807 1331 970 1412 significari
979 1353 1069 1416 posse

37 1437 169 1500 numm.
211 1422 324 1489 Vellem
348 1423 405 1486 boc
432 1427 595 1508 exemplum
622 1409 799 1494 addidissem
826 1432 903 1509 illis,
932 1452 1010 1515 quse
1031 1435 1069 1500 de

36 1539 96 1583 reru
120 1523 291 1605 bendyadye
321 1523 400 1606 apud
429 1526 602 1592 Ciceronem
627 1533 752 1612 exposui
777 1531 865 1616 Exul.
891 1534 923 1596 in
951 1534 988 1600 de
1013 1536 1065 1602 Or.

34 1623 196 1699 1.sl,94.
726 1691 730 1702 ,

105 1729 154 1788 at.
196 1727 344 1805 mbo]
363 1725 560 1802 Quintilianus
571 1729 622 1792 111.
637 1732 664 1806 l,
678 1734 727 1794 12.
748 1733 920 1811 x11.a,22.
943 1739 993 1812 10,
1002 1740 1067 1815 49,

33 1842 87 1887 cun
111 1835 201 1908 negat
229 1844 302 1892 uere
321 1826 447 1892 Periclis
474 1829 586 1910 scripta
606 1829 645 1892 ed
665 1834 866 1913 posteritatem
885 1839 1067 1918 peruenisse,

33 1927 133 1991 minime
154 1936 268 2010 pugnet
285 1945 349 1990 oum
364 1928 525 2004 Cicerone,
547 1929 629 1992 cuius
645 1931 773 2012 prudeus
790 1937 933 2001 orationis
955 1947 1065 2023 tempe·

30 2027 129 2090 randcc
145 2029 301 2092 urbicium
317 2030 389 2092 satis
410 2028 522 2092 indicet
537 2027 622 2091 tidem
637 2033 827 2116 scriptorum,
849 2055 926 2117 quoe
940 2040 1067 2103 Periclis

29 2129 133 2192 nonius
150 2130 447 2208 circumferebantur,
467 2129 515 2192 illi
529 2129 720 2195 dubitobilem
736 2134 839 2198 nisam
870 2137 967 2202 Aliter
987 2139 1065 2204 iudi-

29 2232 95 2294 csnit
109 2228 290 2314 Spengelius
310 2232 386 2294 Artt.
404 2231 524 2312 Scriptt.
545 2247 575 2311 p.
591 2234 661 2310 61„
682 2233 749 2311 ssd,
771 2252 859 2317 mam
878 2237 905 2300 is
928 2241 1066 2321 opposuit

27 2330 306 2416 Periclis-quandem
322 2333 494 2396 sententiam
511 2332 549 2396 ab
565 2334 726 2398 Aristotele
743 2345 899 2414 cerastem,
917 2355 954 2401 es
968 2356 1064 2422 popu·

26 2430 76 2494 lari
95 2435 238 2500 memoria
257 2440 372 2496 retenta
390 2431 515 2498 ridetur.
546 2433 608 2498 Nec
629 2453 667 2498 ex
688 2438 823 2502 oratione
843 2439 961 2503 funebri
983 2439 1064 2523 apud

26 2531 215 2616 Thucydidem
240 2533 321 2596 lecta
346 2533 533 2616 11.3osqq.
576 2535 690 2618 aliquid
716 2536 752 2600 de
773 2539 892 2604 Pericle
917 2541 1064 2622 scriptore

24 2637 196 2717 suspicatum
226 2636 399 2700 Ciceronem
417 2634 610 2716 Beruburdyo
638 2640 793 2703 assentior.
838 2641 950 2708 Gouier
975 2643 1063 2706 ctiam

22 2732 128 2800 liubulu
150 2737 227 2800 ilict.
251 2736 325 2800 Grit.
347 2735 399 2799 Or.
423 2736 473 2800 Gr.
493 2753 523 2817 p.
545 2736 686 2800 XXXIX.

96 2835 296 2912 motam]
319 2835 383 2896 eius
399 2835 570 2915 eloquentia
583 2835 723 2898 laudetur
738 2837 775 2900 de
792 2839 843 2902 0r.
855 2841 905 2903 111.
918 2842 969 2916 34,
982 2843 1062 2919 137,

20 2939 138 3002 maxime
161 2935 243 3017 qnod
263 2934 412 3013 ingenium
432 2933 528 2996 literis
548 2935 801 2998 instructissimum
821 2939 968 3002 hebuerit.

94 3041 151 3102 23,
196 3034 371 3116 umpmtbos
385 3034 454 3112 dlis]
475 3051 565 3116 ssepe
585 3033 663 3097 idem
679 3045 724 3099 est
739 3046 827 3119 utque
842 3047 874 3098 ot
891 3039 1062 3116 tenporibus

17 3139 82 3212 otc,
114 3139 137 3201 i.
165 3152 193 3198 e.
222 3152 278 3216 pro
306 3142 469 3218 temporum
498 3135 618 3198 illorum
639 3144 746 3200 natura
768 3146 797 3200 et
818 3137 1004 3229 condicione:
1032 3157 1060 3204 a.

18 3237 97 3321 liunt.
126 3236 169 3300 ad
189 3235 225 3298 de
247 3237 299 3300 0r.
320 3235 357 3300 Π.
382 3239 416 3313 l,
438 3239 484 3313 1.;
513 3235 550 3300 de
570 3237 707 3301 uberiore
725 3239 855 3302 formula
874 3248 907 3300 ct
926 3243 1060 3316 tempori-

17 3339 61 3399 bus
80 3342 159 3410 ttbtc,
181 3337 218 3400 de
240 3355 299 3419 que
318 3339 445 3419 primns,
461 3337 513 3402 sed
534 3356 638 3418 parum
659 3339 795 3402 distincte
813 3341 876 3420 egit
895 3339 940 3402 De
956 3338 1060 3403 Monte

15 3439 41 3499 in
60 3441 151 3504 Latio
177 3440 312 3501 restituto
333 3439 393 3503 vol.
415 3439 467 3501 lll.
488 3457 518 3519 p.
542 3441 650 3513 1182„
677 3438 753 3502 bene
773 3439 903 3502 Kritzins
925 3440 1062 3520 exposuit

14 3541 49 3601 cd
69 3541 149 3604 Sall.
172 3537 238 3618 Ing.
260 3559 289 3621 p.
313 3539 376 3603 579
400 3557 465 3619 sqq.
507 3538 572 3601 lloc
603 3545 700 3600 autem
724 3539 791 3610 loco
809 3541 884 3603 nibil
904 3539 1060 3617 indicetur,

14 3641 67 3702 nisi
98 3640 257 3722 aequalem
287 3640 351 3702 lere
378 3647 467 3713 atoue
489 3657 645 3723 supparem
667 3640 778 3705 Pericli
797 3641 891 3704 luisse
911 3640 1059 3720 Cleonem,

15 3758 104 3822 eaque
125 3741 159 3804 ui
180 3739 285 3802 diciturr
307 3741 394 3803 etium
415 3739 452 3801 de
474 3740 524 3802 Or.
546 3739 584 3802 11.
605 3741 664 3814 23,
684 3741 737 3804 98.

92 3842 174 3908 vill.
218 3843 268 3904 30.
311 3841 391 3914 [cccc
413 3876 452 3886 -
476 3840 578 3916 coarto]
607 3841 645 3900 ub
673 3848 798 3920 argento
823 3859 957 3923 auroque
977 3843 1059 3906 facto

15 3944 29 4003 i.
51 3963 77 4006 e.
98 3944 184 4008 rasis
206 3941 305 4004 aureis
327 3944 555 4024 argenteisque,
571 3959 648 4024 quae
668 3941 806 4008 Wetzelii
826 3949 855 4004 et
874 3942 1060 4020 Bernberdyi

15 4046 157 4107 sententis
191 4049 251 4118 est,
283 4043 458 4106 monslatum
489 4061 548 4108 non
580 4044 757 4124 putarer-im
786 4041 933 4121 significat
962 4047 1059 4104 autem

15 4155 145 4209 nrmtsm
173 4141 331 4208 secundum
359 4151 520 4226 praecepta
548 4145 634 4219 urtis,
662 4163 691 4207 r.
717 4141 835 4207 Ernesti
861 4141 935 4205 Lex.
963 4141 1058 4202 tecbu.

15 4245 73 4311 bat.
92 4267 122 4314 u.
140 4245 247 4319 facere.
279 4241 340 4309 Sed
355 4244 451 4317 [coos
467 4246 589 4329 proprie
603 4241 750 4326 significet
766 4244 935 4322 coiectum,
952 4242 1060 4324 quppe

809 4359 852 4422 22
