2660 4776
245 423 340 497 m
407 415 558 487 ausvis
577 412 878 499 snoonantrms
899 411 1005 488 nont
1026 413 1137 486 nnsr.
1319 437 1320 522 l

1319 533 1320 586 l

245 613 330 670 nan,
362 611 427 656 cum
456 591 614 674 qusnidm
640 591 767 671 egisset
796 591 829 652 in
856 589 932 652 duas
959 592 1111 654 orationes
1139 592 1284 655 scribendo
1319 589 1320 654 l

245 694 396 760 transulit
413 689 476 774 (¹²).
520 693 767 767 Commentarios,
797 690 831 754 id
861 699 907 754 est
932 693 1137 756 meditationes
1168 694 1284 774 scriptus

245 797 392 858 sedunum
418 812 519 858 omnes
550 793 652 874 magni
680 793 768 857 luins
797 793 905 856 aetam
932 803 1068 856 oratores
1095 794 1284 856 coniecerunt.

159 948 163 956 .
245 895 457 961 tiloeronianos
485 893 617 978 quidem,
646 896 779 976 quum
809 896 1005 976 extemporali
1033 903 1063 958 et
1091 895 1286 976 periunrwna

245 1013 344 1078 opera·
360 998 549 1060 mannulos
577 1005 607 1059 et
625 1005 695 1078 post
714 1003 838 1060 mortem
858 999 988 1060 oratoris
1015 1015 1035 1058 a
1056 997 1170 1059 Tirone
1190 995 1285 1070 editos,

245 1115 311 1161 cunr
331 1097 526 1162 admiratione
546 1097 623 1177 legit
642 1097 842 1176 Quintilianus
859 1093 928 1178 (¹²),
957 1099 1009 1180 qui
1032 1097 1110 1160 idem
1134 1097 1202 1161 Ser·
1222 1097 1285 1161 Sul-

243 1201 317 1281 picii
337 1199 432 1261 uibus
454 1201 549 1263 solum
569 1199 655 1262 editis
673 1197 857 1261 orationihus
880 1199 957 1262 olari
977 1199 1202 1261 commentarios
1222 1217 1286 1261 cau·

245 1317 345 1362 aarum
366 1302 493 1364 omnium
514 1302 631 1363 summis
651 1299 790 1362 laudidus
811 1299 937 1362 extollit.
979 1297 1055 1362 ilino
1075 1297 1208 1363 ridemus
1225 1305 1285 1360 tan-

245 1409 334 1482 quam
361 1419 423 1464 rem
449 1401 631 1482 singularem
658 1417 714 1463 nec
740 1417 813 1462 sane
843 1399 1044 1482 quotidianam
1071 1401 1285 1463 commemorari

245 1503 395 1566 orationes
415 1503 549 1579 totidem,
572 1509 644 1584 quot
659 1501 782 1564 habitae
801 1501 901 1566 verbis
919 1502 993 1576 sint,
1014 1501 1197 1582 pemeriptas
1218 1519 1284 1575 esse,

243 1610 276 1666 ut
287 1604 396 1666 Brutus
415 1604 494 1686 apud
511 1604 685 1670 Ciceronem
703 1601 741 1665 de
756 1601 908 1665 llortensii
923 1603 1059 1664 oratione
1073 1620 1130 1684 pro
1146 1601 1285 1666 Messalla

244 1705 315 1768 dicit
330 1701 394 1784 (¹¹).
436 1705 528 1769 Aliud
555 1711 600 1769 est
624 1705 718 1779 enim,
742 1710 776 1766 ut
803 1703 847 1765 ait
864 1702 978 1766 Plinius
1005 1703 1027 1765 l
1051 1721 1077 1765 c.
1104 1703 1186 1765 hona
1205 1703 1284 1776 actio,

244 1807 328 1870 alind
347 1808 429 1870 bora
449 1808 556 1870 oratio.
598 1805 628 1868 ls
648 1806 756 1886 igitur,
781 1821 848 1867 oum
867 1813 969 1886 partes
990 1805 1139 1868 actionum
1164 1804 1197 1866 in
1217 1803 1285 1866 scri·

243 1907 340 1970 reuco
371 1907 485 1970 recisae
514 1907 608 1970 tuisse
636 1907 778 1988 exemplis
800 1905 997 1982 ostendisset,
1030 1923 1069 1968 en
1099 1913 1230 1988 tempore
1258 1903 1285 1964 in

243 2007 360 2089 agendo
383 2015 553 2090 consumpto
577 2009 705 2072 ostendit
725 2007 817 2070 scrilri
836 2015 915 2071 totas
940 2026 1000 2070 non
1020 2008 1163 2090 potuisse.
1204 2005 1286 2072 Velut

241 2109 413 2174 Goruelinm
433 2109 590 2192 quatriduo
613 2109 764 2174 defensum
785 2129 806 2172 a
825 2127 892 2172 sese
913 2107 984 2172 dicit
1000 2109 1116 2173 cicero.
1149 2111 1188 2174 At
1206 2105 1285 2169 nulla

241 2211 331 2275 hodie
352 2213 450 2274 oratio
473 2219 531 2285 est,
560 2224 638 2292 quae
657 2213 746 2274 trium
766 2213 908 2274 horarum
929 2211 1056 2293 spatium
1077 2209 1209 2292 expleat,
1238 2225 1285 2270 nec

242 2313 339 2395 potuit
358 2311 505 2392 reliquum
525 2317 638 2392 tempus
660 2311 879 2393 interrogandis
900 2313 1022 2375 testibus
1043 2309 1190 2393 irnpeudi,
1211 2307 1285 2391 quod

243 2429 337 2493 genus
364 2412 489 2474 audonis
510 2409 614 2476 Cicero
637 2423 756 2479 coactus
782 2415 958 2477 necessitate
983 2414 1021 2475 in
1039 2413 1105 2498 solo
1127 2411 1224 2479 Verre
1245 2427 1284 2473 su-

243 2521 327 2577 cntus
352 2520 404 2576 est.

719 2651 747 2735 ᾗ.
769 2651 821 2712 43.

651 2761 688 2822 Q.
706 2761 876 2817 Hortensius.

326 2887 484 2952 Oratorunr
505 2882 650 2950 Cicerone
672 2887 870 2968 antiquiorum
891 2904 965 2948 nnus
992 2883 1132 2947 excelluit
1157 2883 1192 2953 Q.
1212 2887 1284 2942 Hor-

240 2993 347 3050 tensius
361 2983 425 3066 (¹⁵).
456 2987 485 3050 ls
506 2994 592 3049 natus
614 3005 643 3052 a.
658 2989 722 3052 640
744 2993 810 3050 octo
827 2987 911 3048 annis
933 2987 1027 3048 maior
1044 2983 1206 3061 Cicerone,
1227 3000 1283 3046 cnm

240 3092 368 3162 honores
393 3087 554 3170 plerosque
575 3089 636 3150 suis
658 3088 742 3158 annis
764 3088 907 3166 gessisset
931 3105 985 3149 nec
1006 3104 1135 3167 uuquam
1156 3086 1196 3147 ab
1218 3085 1283 3148 urle

242 3198 271 3254 et
290 3191 358 3254 loro
380 3189 517 3262 aluisset,
540 3205 605 3251 enm
624 3189 762 3252 fortunae
784 3205 901 3252 cursum
921 3189 1025 3264 tenuit,
1046 3195 1079 3250 ut
1099 3186 1215 3251 nullum
1236 3199 1283 3247 un·

241 3309 330 3372 uuam
354 3307 454 3354 casnm
473 3297 610 3370 expertus
632 3291 685 3352 suls
706 3291 774 3372 ipsa
794 3291 868 3353 belli
888 3289 984 3353 ciuilis
1006 3289 1185 3372 erump'eotis
1206 3286 1283 3350 initia

242 3391 363 3454 deorum
383 3389 525 3452 beneficio
548 3393 705 3455 euinctus
724 3410 789 3454 esse
808 3391 973 3466 uideretur,
994 3408 1032 3454 ue
1052 3387 1124 3472 quid
1146 3389 1283 3470 pristinae

238 3492 392 3558 felicitatis
411 3491 565 3556 amitteret
601 3495 664 3556 lam
685 3501 753 3556 anto
769 3493 896 3556 Sullana
914 3500 1050 3574 tempora
1071 3509 1136 3555 oum
1156 3488 1283 3552 mammis

240 3594 409 3656 oratoribus
424 3594 468 3656 M.
483 3594 611 3657 Antonio
632 3595 710 3657 tn'L.
727 3592 838 3658 Crasso
859 3595 1029 3658 coniunctus
1051 3599 1081 3655 et
1097 3593 1134 3656 L.
1150 3592 1282 3673 Philippo

241 3729 451 3744 m

311 3820 354 3888 12)
371 3821 472 3878 Asson.
485 3837 541 3894 arg.
552 3821 662 3878 cornel
678 3837 705 3893 p.
715 3823 759 3880 62.
769 3821 856 3880 Orell.
874 3821 909 3880 ci.
919 3821 1051 3878 Plistia
1141 3822 1187 3889 1³)
1205 3821 1280 3882 Quin

241 3905 279 3962 tll.
291 3905 327 3964 X.
340 3907 366 3974 7,
379 3905 422 3962 dl).
448 3907 482 3962 ci.
500 3905 521 3962 Ι.
540 3907 574 3972 il,
593 3905 632 3961 lo.
655 3905 701 3962 lll.
715 3907 747 3976 6,
761 3907 803 3964 59.
839 3908 925 3964 Liber
942 3907 1085 3966 Ciceronis
1102 3909 1202 3962 tertius
1219 3903 1280 3960 decl·

240 4005 299 4047 ntus
322 4007 480 4058 causarum,
506 4002 586 4062 quota
608 3998 721 4048 oratur
736 3995 888 4050 Diomedes
906 3993 927 4050 l.
950 4011 978 4065 p.
996 3993 1063 4060 3115,
1087 3991 1188 4064 procul
1206 3989 1280 4046 dnbio

240 4079 496 4132 commentariorum
513 4081 589 4142 erat,
607 4075 636 4131 tn
656 4091 728 4148 quor
743 4091 844 4135 musae
860 4079 966 4136 taleme
983 4084 1070 4136 erant.
1162 4076 1208 4143 11)
1234 4071 1281 4130 cic

241 4155 442 4228 1111111θῶὓᾶ
533 4158 577 4226 to)
596 4155 643 4216 De
654 4159 803 4222 liortenslo
816 4173 907 4222 enter
920 4163 1041 4222 eruditus
1050 4161 1169 4219 Lunueli
1181 4157 1280 4218 libellus

265 4242 329 4302 litus
346 4244 475 4316 Lugduni
491 4259 517 4300 a.
536 4241 611 4304 ltro.
1046 4289 1047 4296 ,
