2660 4776
248 409 340 484 11111
637 403 903 476 CICERONIS

249 589 378 658 nutura,
400 594 481 666 quae
500 555 604 646 iu‘ereu
625 577 796 664 antiquior,
818 575 876 644 seul
897 574 992 655 hueo,
1014 577 1049 642 in
1064 593 1127 663 qua
1146 575 1185 643 de
1200 575 1282 644 honis

249 698 344 765 rebus
376 705 408 763 et
438 695 533 764 melis
566 695 666 782 deque
693 694 851 762 hominum
875 696 941 762 vita
969 703 999 760 et
1025 694 1167 762 moribus
1194 696 1287 784 dispu-

249 825 351 894 tetur,
387 817 514 882 inuento
549 813 670 880 dieitur.
725 813 808 899 quod
842 813 990 900 quoniam
1021 833 1123 898 genus
1155 813 1197 882 ab
1229 813 1286 892 hoc,

249 933 332 1021 quod
352 934 584 1020 proposuimus,
607 931 769 1010 abhorret,
790 929 994 1019 philosophos
1016 931 1104 997 aliud
1124 933 1160 997 in
1179 941 1288 1018 tempus

247 1053 434 1132 reiciamus,
467 1050 695 1128 adoratores,
728 1069 749 1116 u
777 1049 889 1136 quibus
922 1051 1059 1134 digressi
1093 1069 1216 1128 sumus,
1246 1069 1290 1115 re-

248 1180 414 1238 vertamur.
448 1169 499 1234 32.
521 1167 645 1236 Eustitit
666 1170 762 1254 igitur
781 1169 845 1234 ianr
861 1167 989 1234 senibus
1005 1167 1086 1246 illis,
1110 1187 1190 1254 quos
1204 1166 1288 1255 paulo

218 1265 220 1272 Ι
249 1299 320 1356 ante
348 1289 498 1366 diximus,
526 1285 699 1364 Isocrates,
729 1287 818 1352 ouius
846 1285 956 1354 domus
984 1296 1114 1352 cunctae
1142 1285 1289 1378 Greeoiee

252 1408 345 1493 quusi
365 1404 458 1470 ludus
481 1405 606 1492 quidam
627 1407 726 1493 putuit
747 1414 839 1492 atque
862 1403 988 1471 officina
1005 1404 1144 1472 dicendi:
1166 1422 1291 1488 mugnus

250 1533 358 1591 orator
373 1532 403 1589 ei
418 1523 574 1610 perfectus
593 1525 759 1608 magister,
780 1543 957 1611 quanquam
973 1523 1094 1590 sorensi
1108 1521 1178 1589 luoe
1198 1523 1291 1590 caruit

120 1699 127 1710 .
248 1645 391 1728 introque
424 1643 561 1729 parietes
591 1641 669 1708 aluit
699 1662 771 1708 eam
800 1642 949 1728 gloriam,
985 1661 1195 1728 quemnemo
1226 1659 1291 1705 meo

248 1761 373 1847 quidem
394 1759 511 1826 iudicio
534 1770 582 1826 est
601 1770 715 1848 postea
736 1770 932 1837 consecutus.
976 1759 1005 1825 is
1028 1761 1149 1847 etipse
1172 1759 1290 1846 scripsit

247 1878 346 1945 multe
375 1877 539 1966 praeclare
568 1888 599 1945 et
629 1877 734 1946 docuit
762 1877 859 1945 elios:
893 1887 924 1944 et
952 1895 1021 1944 oum
1048 1887 1156 1946 cetera
1185 1878 1290 1944 melius

249 2015 342 2083 quem
373 1999 565 2085 superiores,
591 2007 655 2063 tum
680 2000 798 2084 primus
825 1995 992 2074 intellexit,
1020 1997 1116 2062 etiem
1137 1998 1173 2062 in
1187 1997 1292 2064 soluto

249 2117 406 2195 oratioue,
435 2115 506 2181 dum
526 2133 652 2182 versum
674 2113 844 2200 effugeres,
866 2113 989 2181 modurn
1011 2123 1117 2180 tamen
1139 2125 1171 2182 et
1192 2135 1292 2182 nume-

248 2253 316 2300 rum
349 2233 502 2320 quendum
535 2243 678 2320 oportere
712 2235 843 2300 servari.
897 2233 949 2300 33.
981 2231 1064 2298 Ante
1095 2231 1179 2300 huno
1216 2236 1293 2300 euin

247 2349 415 2416 uerborum
443 2351 535 2436 quasi
565 2360 720 2418 structure
749 2361 780 2417 et
801 2351 955 2438 quaedam
978 2349 1203 2417 adnumerum
1226 2371 1294 2418 cou-

247 2466 350 2534 olusio
375 2466 464 2534 nulle
493 2479 575 2549 eret3
609 2479 675 2548 eut,
711 2469 891 2556 siquando
922 2479 1004 2567 eret,
1030 2487 1095 2536 nou
1124 2470 1292 2558 apparebat

249 2604 321 2651 eam
343 2585 449 2652 dedite
465 2606 562 2674 opera
584 2607 656 2653 esse
674 2589 864 2674 quaesitam:
888 2607 968 2675 quae
989 2545 1124 2655 forsiian
1146 2587 1221 2654 laus
1244 2590 1293 2665 siu

246 2723 353 2770 verum
379 2714 483 2772 tamem
511 2715 625 2772 nesure
652 2707 755 2792 magis
783 2715 846 2772 turn
872 2724 1011 2792 casuque
1036 2725 1100 2772 non
1128 2725 1292 2794 nunquan,

308 2887 342 2932 82
365 2889 461 2946 postea]
475 2888 550 2944 positu.

247 3036 421 3110 refutamus]
445 3039 485 3096 sic
509 3055 566 3096 uno
590 3044 604 3097 i
626 3040 676 3115 Lg.
695 3040 722 3097 8.
739 3041 782 3096 51.
800 3042 842 3098 53.
861 3041 903 3096 58.
921 3039 964 3096 68.
983 3040 1026 3096 70.
1055 3040 1127 3098 Ven.
1148 3043 1174 3100 1.
1201 3043 1255 3098 Gu.
1274 3043 1295 3095 1.

246 3123 281 3180 V.
300 3126 403 3182 cumin.
422 3127 468 3182 Or.
490 3127 519 3180 in
537 3124 593 3182 cic.
610 3127 646 3181 de
664 3124 714 3183 Or.
734 3127 755 3182 1.
773 3127 824 3194 41,
844 3125 900 3182 189.
920 3155 955 3168 -
981 3127 1121 3198 dipreoui]
1146 3130 1188 3183 uie
1212 3146 1264 3201 per
1284 3131 1295 3182 i

246 3211 300 3265 mei
317 3227 427 3278 omnen
438 3226 474 3266 v.
493 3211 524 3268 G·
542 3212 587 3267 Cr.
604 3211 632 3265 in
652 3212 689 3266 de
706 3209 757 3268 0r.
775 3211 810 3268 11.
830 3212 878 3280 19,
894 3211 939 3268 80.
1121 3225 1125 3231 ’

256 3325 258 3330 ,
315 3295 358 3351 31.
388 3295 496 3369 poulo]
520 3295 570 3368 Lg.
590 3314 699 3365 omnes,
721 3316 774 3352 nec
798 3315 868 3369 opus
889 3297 996 3352 enotori
1014 3296 1140 3367 amplius.
1158 3324 1194 3338 ·-
1220 3298 1294 3352 diuo·-

245 3381 323 3448 mus]
341 3389 405 3450 post
420 3381 473 3435 hoe
488 3383 515 3436 iu
532 3380 583 3438 Gn.
600 3384 623 3438 1.
642 3383 818 3438 inferciuntur
835 3383 917 3438 haee:
934 3383 1000 3436 que
1013 3386 1136 3454 eprepe'u
1150 3382 1297 3439 Isocratis

245 3472 402 3520 erulorum
419 3472 538 3522 summi.
559 3499 591 3511 -
620 3475 744 3524 eunom
763 3498 794 3510 -
814 3469 951 3540 officina]
974 3468 1044 3522 haec
1061 3483 1116 3523 our.
1134 3467 1187 3541 Lg.
1203 3469 1248 3523 70.
1265 3497 1294 3506 -

243 3553 388 3623 parietes]
407 3545 585 3608 domesticos
597 3571 669 3628 par.
687 3553 739 3624 Lg.
755 3553 797 3608 111.
809 3583 845 3595 —-
863 3571 930 3608 meo
949 3553 1072 3624 quidem
1090 3555 1218 3622 iudicio]
1239 3558 1295 3627 pui-

245 3637 314 3689 dem
330 3652 397 3689 meo
413 3639 478 3692 iud.
497 3639 549 3692 Gu.
565 3635 589 3691 i.
624 3639 711 3706 iliud,
731 3639 805 3709 quod
818 3639 884 3694 Ero.
903 3657 940 3694 ex
957 3639 1018 3693 eod.
1033 3639 1100 3693 Par.
1114 3639 1152 3694 D.
1170 3642 1294 3704 restituit,

246 3726 274 3772 et
285 3719 328 3772 ed.
341 3737 382 3787 pr.
398 3721 486 3790 etLg.
503 3738 596 3776 omnes
610 3731 637 3776 et
646 3725 716 3779 Veu.
728 3725 750 3780 l.
769 3723 827 3782 ou.
845 3725 954 3779 hebent.
984 3741 1036 3778 om.
1050 3725 1170 3794 quidem
1178 3727 1296 3780 Rufinus

246 3804 281 3858 de
295 3805 388 3858 metuis
405 3821 432 3874 p.
448 3803 506 3858 189.
521 3803 610 3862 Oreli.
625 3837 656 3868 ,-
669 3811 791 3881 postea]
809 3811 849 3864 sic
867 3809 909 3866 eoi.
924 3827 967 3879 pr.
984 3818 1012 3864 et
1024 3809 1104 3862 codd.
1117 3811 1172 3864 mei
1185 3827 1293 3874 omnes;

240 3891 347 3962 poeta,
367 3889 442 3960 quod
459 3891 577 3961 ineptum
596 3909 658 3946 esse
676 3893 795 3948 ostendit
808 3895 914 3948 Ruhnk.
926 3895 960 3948 H.
973 3893 1018 3950 Cr.
1031 3891 1081 3948 Or.
1096 3894 1144 3950 Gr.
1158 3913 1185 3966 p.
1200 3894 1295 3960 mxii,

242 3973 359 4029 Rufinus
375 3975 392 4028 1.
406 3993 429 4030 c.
448 3975 525 4031 Grut.
544 3975 611 4030 Erro.
625 4007 660 4016 -
678 3979 760 4048 dum]
780 3997 846 4034 oum
859 3976 909 4052 igi
919 3980 1007 4034 20.·-
1024 3982 1153 4049 oersum]
1170 3997 1295 4036 ooo-uum

242 4058 293 4134 ng.
312 4061 338 4116 8.
357 4056 400 4116 35.
418 4061 461 4116 51.
479 4059 522 4118 53.
543 4061 585 4117 58.
603 4061 647 4117 68.
666 4064 708 4120 70.
734 4064 796 4120 Vst.
818 4063 928 4131 ottoo.;
947 4065 1082 4138 scripture
1100 4068 1297 4132 memorabilis,

241 4146 366 4200 sednon
385 4156 463 4201 veru.
481 4174 517 4186 -
540 4149 665 4218 sermon]
684 4155 856 4206 conseruari
873 4150 924 4221 Lg.
941 4150 985 4206 20.
1050 4197 1053 4210 .

311 4221 354 4285 33.
387 4227 784 4306 foroiton1forsuohg.iii.
806 4245 998 4292 eontrousuuu
1017 4233 1228 4294 Ciceronis—
1251 4253 1296 4291 oe

1243 4351 1247 4362 ’
1320 4359 1321 4398 i
