2640 4780
193 387 290 466 '188
588 385 847 460 CICERONIS

196 559 309 646 Figulo
336 551 446 627 oonsnl
472 557 545 640 inlu
575 559 614 642 Q.
635 559 831 628 Nobiliorem
852 559 898 628 M.
920 559 955 628 F.
983 562 1047 628 iam
1071 561 1175 651 patrio
1198 563 1249 630 iu·

196 682 302 746 stituto
333 678 469 746 deditum
498 678 601 746 studio
630 673 807 759 literarum,
839 683 893 767 qui
920 683 1015 748 etiam
1042 679 1079 760 Q.
1101 679 1247 760 Ennium,

198 799 251 884 qui
279 816 348 864 oum
374 807 462 884 patre
490 798 560 863 eius
588 797 620 862 iu
644 798 774 866 Aetolia
801 798 1004 878 militaverat,
1031 801 1158 884 civitate
1191 800 1248 866 ‹lo-
1318 883 1319 894 ἵ

196 917 297 993 navit,
325 933 395 982 oum
419 917 561 982 tmumvir
586 915 745 982 coloniam
766 917 963 996 delmisset3
995 927 1026 984 et
1046 897 1094 1003 T,
1107 918 1247 984 Annium
1317 899 1319 988 l

196 1030 347 1114 Luscum,
368 1033 460 1101 buius
483 1032 522 1114 Q.
540 1030 630 1100 Fulvi
651 1034 823 1120 collegam,
849 1055 913 1102 uon
934 1035 1117 1102 indisertum
1139 1035 1245 1102 ‹liouut

196 1151 306 1219 fuisse.
347 1151 399 1218 80.
429 1153 533 1239 Atque
560 1147 655 1218 etiam
679 1149 717 1217 L.
739 1149 856 1219 Paulus
879 1153 1025 1219 Africani
1055 1163 1146 1242 pater
1171 1173 1245 1240 per-

197 1289 309 1336 sonam
335 1272 485 1358 principis
516 1269 595 1337 civis
622 1269 719 1337 sanilo
751 1270 884 1337 dicendo
906 1267 1077 1350 'tuebatur3
1111 1281 1143 1336 et
1168 1291 1244 1337 vero

198 1390 293 1454 etiam
318 1391 383 1453 tum
404 1385 523 1456 Gatom
545 1390 634 1468 meo,
665 1391 719 1476 qui
740 1407 841 1456 anuos
869 1391 1004 1476 quinque
1033 1399 1068 1474 et
1085 1390 1246 1474 octoginta
1317 1381 1318 1410 ¹

197 1517 290 1574 natus
316 1509 452 1574 excessit
479 1527 497 1574 e
523 1509 603 1588 vita,
629 1527 699 1574 oum
725 1507 850 1594 quidem
872 1527 912 1574 eo
936 1509 1006 1595 ipso
1029 1527 1111 1574 anno
1132 1516 1245 1574 eontra
1317 1537 1318 1540 ¹

199 1623 270 1692 Ser
301 1623 435 1692 Galbam
468 1624 508 1692 ad
537 1625 684 1714 populum
716 1621 839 1692 summa
871 1627 1069 1692 contentione
1100 1625 1244 1750 dixisset,
1316 1653 1318 1660 ι

145 1807 149 1814 .
197 1763 290 1830 quam
311 1745 405 1810 etiam
427 1745 600 1811 orationem
621 1738 769 1831 scriptam
788 1741 923 1831 reliquit.
1011 1791 1014 1796 -

268 1859 376 1926 xxi.
405 1861 457 1928 sl.
489 1860 556 1928 Sed
580 1863 652 1929 vivo
674 1861 794 1928 Catone
820 1864 958 1929 minores
978 1871 1053 1928 natu
1074 1859 1163 1926 multi
1182 1879 1242 1924 nuo
1316 1839 1317 1844 ¹

199 1991 336 2069 tempore
365 1991 508 2048 oratores
534 1979 711 2048 floruerunt.
754 1999 828 2046 uam
852 1990 883 2047 et
902 1979 942 2046 A.
963 1980 1117 2057 Albinus,
1141 1979 1243 2064 isqui

198 2098 321 2168 Graece
341 2097 478 2186 'scripsit
509 2098 688 2178 historiam,
723 2101 776 2184 qui
805 2098 916 2166 consul
948 2118 1017 2165 oum
1043 2095 1081 2163 Ι..
1108 2094 1242 2162 lucullo

197 2219 268 2296 luit,
291 2227 322 2284 et
341 2216 485 2282 literatus
506 2227 536 2282 et
557 2217 692 2283 disertus
714 2217 787 2284 fuit:
810 2227 841 2284 et
860 2219 958 2284 tenuit
974 2237 1042 2283 oum
1058 2215 1119 2282 boo
1138 2215 1242 2282 locum

198 2333 356 2426 quendam
376 2329 474 2400 ‘etiam
503 2332 573 2401 Ser.
597 2333 726 2402 Fulvius
755 2345 785 2401 et
812 2354 876 2401 una
898 2333 967 2402 Ser.
990 2332 1106 2400 Fabius
1128 2331 1242 2410 Pictor,
1313 2409 1314 2412 Ἴ

197 2464 231 2522 et
249 2456 327 2519 iuris
349 2462 380 2516 et
399 2451 559 2518 literarum
581 2464 610 2519 ei
628 2443 821 2540 antiquitatis
841 2452 922 2519 bene
940 2455 1073 2540 peritus3
1094 2450 1243 2530 Quintus·
1314 2425 1315 2456 ³

198 2591 258 2658 que
272 2568 389 2635 Fabius
406 2566 516 2637 Labeo
533 2571 590 2637 luit
607 2581 735 2638 ornatos
752 2571 871 2638 eisdem
888 2569 955 2637 iere
974 2569 1131 2636 laudibus.
1163 2565 1242 2634 Nam
1313 2609 1314 2612 =

202 2688 240 2768 Q.
270 2685 433 2766 Metellus,
465 2690 494 2754 is
527 2692 616 2755 ouius
644 2699 788 2776 quauuor
812 2688 869 2754 filii
896 2689 1081 2755 consulares
1111 2688 1240 2764 luerunt,
1313 2688 1314 2740 ἶ

199 2859 294 2930 cepta
305 2855 417 2926 pilium,
430 2855 552 2926 positura
561 2856 710 2910 verborum
723 2861 850 2910 contorta
862 2865 890 2911 et
901 2855 988 2910 inutili
999 2855 1077 2910 Deae
1089 2854 1241 2908 mentione:

200 2958 280 2996 nemo
299 2941 369 2995 enim
384 2940 522 2995 Romanus
540 2958 611 3012 quae
628 2941 676 2995 illa
693 2957 772 2996 sacra
787 2939 902 2996 luissent
919 2941 1069 3012 ignorabat.
1106 2937 1241 2996 Orellius:
1313 2963 1315 3003 t

199 3025 397 3096 eloquentem,
421 3025 519 3090 illius,
541 3030 650 3080 matris
666 3026 755 3079 deum
773 3029 826 3097 qui
843 3023 866 3082 o.
886 3044 928 3090 a.,
953 3027 1010 3096 pil,
1033 3041 1085 3078 nee
1106 3023 1241 3094 improbat
1315 3021 1316 3042 *

197 3108 252 3164 boo
269 3107 400 3180 Meyerus
424 3111 453 3163 in
475 3114 604 3165 maioris
625 3112 713 3166 latere
737 3114 846 3166 matris
865 3110 955 3166 deum
971 3110 1136 3164 existimans.
1171 3106 1239 3160 Mrlri
1314 3177 1315 3185 ἵ

199 3193 309 3250 dubium
320 3211 376 3249 nom
388 3194 499 3249 videtur
512 3194 654 3260 maioris,
673 3197 744 3266 quod
757 3197 866 3250 minimo
878 3203 1004 3249 testatum
1019 3202 1074 3260 est,
1084 3196 1142 3248 'etsi
1153 3191 1239 3247 Beru·
1315 3211 1316 3218 ¹

198 3279 383 3350 buruyuicis,
408 3285 469 3332 oum
491 3280 605 3334 insola
623 3280 666 3334 ed.
680 3298 724 3352 pr.
747 3281 869 3352 legatur,
893 3280 928 3334 ab
947 3297 981 3334 eo
1006 3278 1172 3349 proiectum,
1193 3276 1238 3345 qui

198 3364 356 3435 Scipionem
373 3361 528 3418 Africanum
545 3363 682 3419 Maiorem
699 3373 785 3420 'saera
805 3365 944 3434 accepisse
963 3373 991 3418 et
1007 3363 1117 3418 corcoli
1136 3369 1238 3432 patrem
1316 3387 1317 3412 ι

197 3448 280 3504 luisse
292 3455 415 3519 putaret3
433 3445 476 3503 M.
490 3457 578 3504 autem
590 3451 713 3504 codicum
727 3449 894 3519 quorundam
908 3457 995 3503 ortum
1013 3448 1153 3501 ex‘ultimn
1163 3447 1240 3500 litera

197 3533 389 3604 praecedentis
410 3533 553 3601 vocabuli,
578 3535 675 3590 alluat
697 3551 733 3588 ex
756 3538 850 3590 alunt.
887 3531 993 3588 Nostra
1013 3533 1148 3603 scriptura
1168 3532 1238 3586 clare
1314 3595 1315 3604 ἵ

197 3615 297 3687 legitur
313 3618 340 3670 in
356 3617 408 3688 ug.
422 3619 465 3672 35.
479 3617 520 3674 53.
537 3619 579 3674 68.
594 3622 896 3689 70.;'oocuparat.eam
913 3618 1070 3684 Manutius,
1089 3618 1131 3672 eui
1147 3617 1237 3670 mirum

198 3710 241 3755 est
264 3701 398 3754 neminem
420 3705 604 3772 paruisse.
568 3708 733 3777 patrio
755 3705 837 3772 insu]
859 3707 963 3776 putris
987 3706 1055 3760 insi.
1080 3703 1123 3758 ed.
1146 3719 1186 3774 pr.
1202 3727 1236 3741 ·-
1314 3751 1315 3756 ,

200 3783 337 3850 Fsdvtl
316 3801 355 3837 ac
371 3783 421 3855 bg.
438 3786 464 3841 8.
481 3788 524 3844 35.
542 3789 585 3844 39.
603 3789 644 3844 51.
664 3789 706 3844 53.
726 3788 768 3842 56.
786 3788 827 3842 70.
855 3788 924 3844 Vsu.
944 3790 967 3843 1.
1037 3827 1040 3834 ,

267 3867 310 3923 80.
347 3876 376 3923 et
392 3874 473 3940 nero]
496 3873 559 3928 libri
576 3881 604 3927 et
627 3872 670 3928 ed.
689 3890 732 3943 pr.
751 3880 784 3928 at
799 3889 886 3928 nero:
907 3873 1016 3944 scripsit
1031 3871 1188 3966 Lambinus
1202 3897 1236 3911 »-

198 3955 284 4022 oieia]
303 3970 355 4008 om.
373 3953 421 4026 Lg
436 3957 479 4013 20.

266 4037 340 4094 xxi.
374 4039 417 4094 81.
452 4057 513 4096 uua
536 4040 602 4098 Ser,
623 4042 747 4111 Fabius]
776 4003 945 4107 numenius,
975 4040 1153 4103 ansmas,
1179 4051 1237 4091 una

198 4127 291 4178 amus
314 4122 366 4194 Lg.
390 4134 501 4194 praeter
518 4127 561 4182 53.
579 4126 622 4184 68
655 4127 693 4191 Q.
713 4145 766 4197 pro
785 4125 851 4182 Ser.
871 4127 914 4184 ed.
931 4145 1024 4198 pr.·-
1056 4125 1237 4191 euntesque

199 4208 322 4278 Fabius]
346 4209 381 4277 Q.
399 4227 514 4281 quoque
534 4210 646 4268 Fabius
664 4211 708 4271 ed.
726 4229 768 4282 pr.
787 4243 820 4256 -
852 4213 1004 4284 quattuor]
1028 4211 1068 4267 sio
1083 4207 1136 4279 Lg.
1153 4207 1178 4264 8.
1192 4203 1235 4262 51.
