2646 4772
344 401 534 472 obortis
557 403 648 472 GAP.
670 404 722 474 87.
743 405 795 474 88.
991 409 1092 484 808

60 567 186 638 anobis
213 573 364 640 nominati
393 584 477 654 sunt,
504 592 543 642 eo
564 575 729 663 pertinuit,
754 584 787 642 ut
807 574 901 663 paulo
924 576 1093 658 antonini,

59 689 132 774 quod
148 689 290 777 intellegi
304 692 391 760 uolui
409 695 442 759 in
459 714 508 773 eo,
524 697 613 762 cuius
631 713 740 762 omnes
756 693 959 782 cupidissumi
976 705 1092 774 essent,

59 826 141 892 quant
166 812 260 896 pauci
283 810 369 896 digni
390 813 516 879 nornine
538 813 717 882 evaderent.
761 811 867 893 Quare
889 807 1011 902 εἴρωνα
1033 835 1094 894 me,

58 945 92 991 ne
109 929 135 992 si
150 927 321 995 Africanus
336 929 461 1017 quidem
483 931 554 1010 luit,
577 941 609 998 ut
624 933 669 998 eit
683 933 716 998 in
732 929 866 1000 historia
882 951 941 999 sna
959 929 993 997 G.
1010 929 1093 1000 Fan-

57 1045 132 1122 nius,
161 1048 343 1114 existumari
374 1048 478 1116 velim.
526 1047 566 1116 Ut
591 1048 695 1129 voles,
728 1051 827 1137 inquit
850 1049 983 1116 Atticus.
1031 1069 1093 1136 ego

57 1163 128 1230 enirn
159 1183 224 1236 non
253 1165 390 1232 alienum
421 1185 442 1233 a
469 1176 500 1234 to
528 1166 676 1256 putabam
708 1167 791 1256 quod
818 1178 850 1236 ct
881 1169 915 1234 in
939 1165 1093 1252 Africano

56 1279 158 1349 luisset
178 1292 210 1350 et
228 1287 261 1350 in
281 1281 424 1352 Socrate.
467 1285 539 1352 300.
561 1283 641 1354 'l'utn
660 1285 792 1366 Brutus,
814 1283 861 1354 De
881 1288 942 1354 isto
963 1295 1091 1374 postea:

56 1397 106 1464 sed
132 1410 179 1480 tu,
209 1403 308 1488 inquit
336 1423 385 1470 nno
415 1406 555 1485 intuens,
587 1407 747 1473 orationes
773 1403 866 1472 nobis
892 1415 1017 1474 veteres
1039 1423 1095 1474 ex-

55 1514 203 1601 plicabist
247 1517 347 1601 Vero,
374 1523 517 1610 inquam,
546 1521 656 1592 Brute:
684 1525 741 1591 sed
767 1525 800 1591 in
821 1521 961 1592 Cumano
987 1526 1094 1591 autin

55 1629 231 1704 Tusculano
257 1637 444 1726 aliqnando,
472 1643 615 1710 simodo
642 1641 765 1712 licebit:
797 1645 944 1730 quoniam
964 1651 1095 1728 utroque

54 1752 82 1816 in
111 1752 182 1823 loco
210 1757 306 1824 vicini
335 1759 450 1826 sumus.
500 1757 566 1827 Sed
599 1761 663 1826 iant
691 1761 732 1827 ad
766 1761 813 1839 id,
846 1760 928 1827 unde
956 1759 1095 1845 digressi

53 1889 166 1952 sunus,
187 1885 390 1943 revertamur.

128 1988 337 2060 Lxxxvttt.
365 1993 438 2062 301.
466 1992 652 2062 Hortensius
684 1995 795 2080 igitur,
829 2013 898 2060 curn
928 1991 1095 2060 admodum

54 2107 236 2178 adolescens
270 2131 363 2180 orsus
383 2123 469 2180 esset
495 2114 529 2178 in
550 2113 621 2180 loro
643 2112 764 2191 dicere,
795 2111 941 2180 celeriter
961 2112 1004 2178 ed
1026 2130 1095 2178 nte-

52 2226 132 2295 icres
166 2247 284 2298 causas
311 2230 455 2300 adhiberi
483 2239 610 2321 coeptus
637 2241 686 2298 est
711 2233 733 2310 †
758 2239 804 2312 et,
837 2249 1015 2318 quanquam
1045 2233 1096 2297 in-

109 2446 156 2492 mt.
183 2452 278 2502 caepim
291 2453 324 2494 est
337 2454 358 2494 et
370 2451 511 2509 erumpebat]
525 2457 620 2508 coeptus
634 2455 677 2496 est
704 2452 842 2508 Quanquam

52 2616 124 2677 initio
147 2636 209 2674 cum
227 2624 433 2678 asseveratione
452 2623 506 2678 dici
524 2633 588 2696 post
605 2625 674 2680 alios
692 2623 779 2694 (velut
797 2621 931 2676 Gruterus
948 2619 974 2674 h.
991 2619 1010 2676 l.
1029 2637 1094 2677 con·

51 2703 147 2758 tulerat
166 2704 245 2762 Ttrsc.
263 2705 296 2760 ll.
311 2706 353 2763 rt.
379 2707 474 2763 Divin.
491 2709 512 2764 l.
530 2710 572 2765 to.
596 2708 670 2764 Mur.
688 2707 744 2777 et.)
763 2707 893 2762 observat
910 2705 1048 2760 Heinrich.
1067 2707 1095 2762 io

51 2784 102 2842 cte.
120 2789 175 2860 Rp.
194 2788 215 2845 l.
237 2809 263 2862 p.
282 2790 366 2846 000.“
396 2791 508 2863 Meyer.
543 2797 667 2864 inquam
683 2809 754 2846 nero
770 2791 822 2862 Lg.
840 2791 882 2844 56.
916 2807 985 2843 nere
1002 2790 1043 2844 70.
1059 2817 1096 2834 »-
1169 2825 1172 2833 ,

50 2871 190 2944 diprasci]
209 2892 259 2946 per
276 2879 289 2929 i
304 2876 358 2928 mei
371 2876 433 2930 libri
451 2893 560 2944 omnes,
573 2877 624 2930 sed
639 2878 818 2949 dipeeaimas
836 2881 883 2928 aut
899 2872 1096 2944 diprcsoimrta

48 2973 68 3012 s.
86 2960 186 3032 diqpr.
204 2957 255 3030 Lg.
272 2959 373 3014 hcorr.
389 2959 432 3017 05.
450 2961 492 3016 30.
511 2960 553 3015 51.
567 2960 609 3016 53.
624 2961 667 3017 58.
686 2960 727 3016 70.
751 2957 823 3016 Ven.
837 2958 861 3014 l.
898 2957 1096 3029 depressimus

49 3043 89 3099 ed.
110 3061 155 3115 pr.
547 3051 556 3062 '

114 3125 299 3184 Lxxxt'ttt.
334 3129 394 3184 301.
430 3136 552 3204 coeptas
569 3137 614 3185 eet
629 3136 675 3196 et,
693 3127 875 3202 paaaprtam]
895 3134 924 3182 et
940 3128 1098 3182 coniectura

48 3213 157 3278 addidi,
175 3229 211 3266 tte
224 3215 377 3270 sententiae
390 3233 462 3270 nexu
475 3225 615 3282 carerent3
633 3215 765 3288 perfacile
778 3213 878 3268 excidit
889 3221 1003 3284 propter
1017 3229 1096 3282 prae-

49 3313 171 3368 gressum
189 3304 242 3352 eat.
279 3297 447 3372 Bernhardy
469 3301 529 3372 ipse
549 3315 658 3371 quoqne
681 3301 835 3356 sententiae
853 3298 989 3354 vinculum
1007 3297 1097 3366 requi-

49 3398 111 3437 rens
124 3385 269 3456 proposuit
280 3389 335 3462 pat
346 3403 530 3457 quamquamr
545 3385 595 3441 sed
607 3404 667 3440 cum
679 3385 818 3440 Hortensii
828 3401 950 3456 persona
960 3383 1096 3455 prioribus

49 3467 113 3522 satis
133 3466 248 3524 definita
264 3470 313 3537 sit,
336 3475 363 3526 io
381 3489 403 3526 s.
423 3477 475 3543 prat
490 3471 585 3528 inferri
604 3479 818 3526 consentaneum
835 3487 891 3524 non
910 3476 963 3534 est;
990 3467 1096 3522 deside·

50 3561 126 3608 ratur
140 3555 232 3625 potins
246 3571 301 3625 qno
312 3558 448 3612 sententia
460 3557 531 3612 haec
547 3575 606 3612 cum
618 3571 783 3628 praegressa
799 3555 933 3609 aetmter
947 3553 990 3607 ad
1001 3557 1096 3608 maio·

50 3655 98 3694 res
111 3657 219 3696 caesae
233 3640 374 3697 adbiberi
384 3651 504 3718 coeptas
517 3651 562 3700 eoi
579 3642 765 3712 coniungatur.
790 3637 911 3696 Orellius
924 3639 1097 3695 excrevisti

51 3731 78 3777 et
88 3725 228 3780 Schnetnli
239 3728 395 3784 coniectura
404 3727 478 3784 dedit
491 3727 761 3802 comparabaatarr
777 3726 828 3783 sed
845 3743 880 3781 ex
892 3743 915 3783 c.
926 3726 968 3782 57.
983 3726 1096 3782 discitur

51 3809 199 3882 Sulpicium
222 3821 251 3866 et
273 3813 380 3868 (lottaro
399 3813 610 3886 haudquaquam
636 3831 696 3869 cnm
715 3814 816 3870 Crasso
839 3821 868 3866 et
888 3813 1010 3866 Antonio
1035 3827 1097 3866 esse

51 3907 238 3966 comparatam
255 3895 390 3970 Meyerus
408 3901 498 3954 eiecto
513 3907 557 3954 est
575 3887 635 3972 ipse
651 3917 760 3972 qnoque
777 3906 807 3954 ot
821 3897 941 3968 scripsit3
960 3897 1003 3949 cui
1020 3902 1097 3949 recte

51 3979 153 4034 obiecit
178 3979 345 4055 Bernhardy
373 3986 482 4040 minime
511 3986 683 4057 probabilem
710 4001 773 4039 esse
804 3983 876 4036 hanc
900 3978 1096 4034 sententiarum

50 4063 213 4122 iuncturam:
227 4068 365 4124 adhiberi
375 4077 494 4144 coeptas
505 4077 535 4125 et
548 4069 789 4145 comparabatur.
814 4067 845 4120 ln
855 4073 950 4120 nostra
961 4065 1097 4135 scripturo

52 4159 171 4225 coeptus
188 4161 233 4208 est
251 4171 310 4209 rem
326 4157 411 4212 semel
427 4156 526 4211 iactam
547 4165 576 4211 et
591 4175 651 4229 ,uno
671 4156 748 4227 quasi
770 4153 872 4223 impetn
889 4151 1018 4205 celeriter
1032 4163 1096 4220 per·

52 4245 139 4292 emam
154 4237 305 4310 significat:
321 4243 411 4298 statim
428 4245 501 4298 enirn
517 4243 546 4298 in
562 4241 716 4315 principum
731 4255 870 4296 numerum
887 4235 1016 4308 pervenit
1026 4234 1096 4291 llor-
