2646 4772
332 451 527 523 usurus
556 416 647 522 cnr.
668 451 720 522 os.
742 453 794 524 ro.
1007 453 1090 526 arr

57 621 116 690 dire
130 622 260 710 tempori
280 619 505 710 multorumque
526 620 579 690 rol
594 619 707 689 honori
729 621 781 690 rol
801 619 941 710 periculo
959 622 1089 690 serviro.

56 739 120 806 ets.
151 739 208 808 His
239 741 323 807 euim
353 740 449 808 rebus
481 739 585 808 inimo
616 739 689 810 loeo
719 750 811 807 natus
837 749 868 806 et
894 736 1033 807 honores
1059 747 1090 807 et

55 859 206 944 pecuniam
245 867 276 925 et
306 861 442 944 gratiam
474 867 660 927 consecutus
694 860 789 926 etiam
826 859 859 924 in
890 861 1090 946 patronorum

55 977 115 1041 sine
136 975 278 1044 doctrina
304 977 372 1044 sine
400 977 528 1062 ingenio
552 977 689 1063 aliquem
714 995 874 1043 numerum
894 985 1088 1064 pervenerat.

56 1090 113 1158 Sed
138 1103 170 1161 ut
194 1079 320 1182 pugiles
345 1095 560 1174 inexercitati,
594 1095 687 1162 etiam
713 1095 742 1161 si
769 1113 891 1182 pugnos
920 1103 951 1162 et
975 1093 1090 1181 plagas

55 1206 257 1299 Olympiorum
275 1212 378 1299 cupidi
395 1212 478 1279 ierre
495 1221 634 1300 possunt,
655 1211 756 1279 solem
774 1221 879 1280 tamen
895 1231 991 1301 saepe
1006 1211 1089 1280 iorre

53 1347 108 1394 non
133 1338 280 1416 possunt:
313 1331 361 1396 sic
391 1329 464 1410 ille,
496 1331 675 1398 cumomni
706 1332 771 1396 iam
791 1329 915 1398 iortuno
940 1349 1090 1418 prospere

53 1445 164 1514 iunctus
185 1445 316 1514 labores
338 1443 432 1514 etiam
455 1467 589 1534 magnos
609 1449 802 1536 excepisset.
822 1448 909 1515 illius
930 1447 1090 1516 iudicialis

42 1567 117 1654 ,ami
135 1565 334 1634 severitatem
350 1567 441 1652 quasi
459 1565 559 1634 solem
575 1585 639 1644 non
654 1564 732 1632 tulit.
764 1563 838 1634 944.
857 1564 941 1633 Tum
956 1565 1089 1644 Amicus,

53 1679 96 1747 Tu
111 1683 234 1770 midam
263 1682 302 1750 de
324 1682 431 1763 faece,
459 1685 573 1770 inquit,
601 1682 728 1762 hauris,
754 1683 848 1770 idque
875 1683 1090 1762 iamdudum:

51 1801 100 1867 sed
114 1801 276 1869 tacebam:
297 1797 359 1868 boo
374 1817 450 1867 vero
471 1820 535 1868 non
550 1800 698 1888 putabam
713 1810 744 1868 to
762 1819 861 1886 usque
882 1800 922 1868 ad
940 1798 1090 1868 Staienos

52 1911 80 1983 et
95 1917 268 1987 Autronios
290 1937 363 1986 esse
384 1928 555 1986 venturum.
597 1915 669 1985 Non
688 1927 779 2006 puto,
804 1917 946 2003 inquam,
974 1919 1091 1985 enimn

50 2047 180 2105 memte
204 2035 375 2104 ambitione
395 2055 445 2102 me
461 2035 546 2116 labi,
569 2037 680 2122 quippe
702 2035 741 2102 de
759 2037 902 2110 mortuis:
925 2034 983 2101 sed
1005 2034 1091 2102 ordi-

48 2171 111 2218 nem
136 2173 273 2242 sequens
295 2156 329 2220 iu
351 2154 534 2222 memoriam
548 2160 654 2235 notam
673 2161 705 2219 et
724 2137 888 2238 scindam
906 2151 1089 2220 necessario

49 2268 174 2341 incurro.
228 2269 309 2339 Volo
341 2280 445 2338 autem
468 2269 530 2338 hoo
557 2271 694 2358 perspici
725 2269 868 2338 omnibus
895 2271 1089 2355 conquisitis,

49 2389 96 2473 qui
127 2391 161 2456 in
194 2387 388 2456 multitudine
422 2389 527 2458 dicere
560 2389 632 2457 ausi
667 2390 749 2468 sint,
782 2389 934 2456 memoria
965 2387 1090 2474 quidem

49 2503 153 2588 dignos
180 2525 374 2595 perpaucos,
405 2527 512 2576 rerum
540 2508 594 2594 qui
620 2509 745 2576 omnino
772 2525 886 2576 nomeu
914 2505 1089 2585 habuerint,

48 2639 104 2689 uon
129 2627 177 2691 ita
204 2625 318 2694 multos
344 2625 455 2694 fuisse.
497 2623 566 2692 Sed
583 2601 628 2694 ¹ad
649 2643 826 2695 sermonem
846 2627 1016 2694 institutum
1037 2643 1089 2693 re·

47 2750 206 2810 venamur.

122 2857 229 2926 LXX.
261 2858 335 2926 245.
368 2859 407 2926 T.
435 2858 615 2946 Torquatus
640 2857 680 2924 T.
707 2857 741 2922 T.
770 2868 801 2926 et
831 2859 940 2926 doctus
968 2859 1019 2926 vir
1050 2875 1091 2927 ex

47 2973 167 3046 Rhodia
189 2977 359 3064 disciplina
373 2975 529 3054 Molonis,
553 2983 583 3041 et
604 2996 624 3040 a
644 2974 815 3042 naturaad
832 2975 1090 3043 decoramentis

46 3172 108 3232 Ven.
125 3177 150 3232 l.
183 3178 285 3248 cepas!
300 3175 344 3232 90.
359 3175 400 3231 39.
414 3175 457 3232 53.
472 3174 514 3230 70.
539 3169 598 3231 Ott.
615 3171 678 3229 Vnt
694 3201 730 3215 ·-
749 3176 945 3248 praeterisse]
963 3173 1016 3242 sic,
1032 3191 1089 3230 uon

41 3263 233 3329 praeteriisse
259 3260 311 3332 Lg.
336 3269 449 3332 practer
471 3260 529 3326 90.,
556 3267 584 3314 et
608 3256 666 3316 oo.
684 3287 720 3303 -
745 3261 955 3329 sonandarum]
979 3261 1032 3325 sic,
1059 3266 1090 3312 ut

45 3346 139 3413 primus
158 3344 306 3400 Lambinus
323 3345 414 3414 dedit,
431 3348 501 3401 Ven.
517 3345 540 3402 Ι.
552 3345 577 3399 9.
599 3339 657 3402 Ott.
670 3345 741 3402 Vct.
762 3345 814 3400 Gn.
829 3346 852 3403 l.
866 3345 891 3400 9.
912 3345 963 3418 Lg.
978 3353 1090 3417 praeter

45 3427 95 3496 ta,
113 3432 143 3486 in
162 3447 215 3500 quo
233 3439 275 3485 est
293 3432 486 3488 :emendarios
503 3447 575 3485 corr.
593 3431 821 3494 secundariam:
842 3432 1028 3486 secundamus
1044 3428 1088 3486 ed.

46 3528 80 3582 pr.
93 3545 127 3556 —
152 3516 327 3586 maltorum]
351 3535 404 3572 om.
425 3517 475 3571 Gn.
492 3516 518 3571 9.
538 3515 718 3587 probantibus
738 3515 815 3571 Grut.
836 3517 997 3571 Schneider.
1018 3513 1086 3571 attis

46 3594 157 3654 iteratur
173 3601 338 3656 vocabulum
357 3603 393 3657 ad
410 3603 562 3658 accuratius
579 3601 728 3655 notandam
743 3599 860 3656 homiuis
877 3601 1044 3656 iudustriam.
1054 3629 1088 3642 -

46 3687 162 3753 amatre]
183 3689 326 3741 inseruire
343 3687 387 3746 ed.
406 3705 447 3759 pr.
485 3686 633 3740 deservire
649 3684 701 3756 bg.
718 3683 762 3740 90.

106 3767 167 3825 943.
204 3775 268 3826 siue
284 3801 320 3814 -
337 3774 415 3842 stae]
438 3777 500 3828 stoa
517 3801 552 3812 —-
567 3774 629 3826 siae
649 3769 693 3826 ed.
710 3787 753 3841 pr.
773 3801 805 3813 -
835 3771 940 3846 capidi
955 3801 990 3813 -
1005 3771 1090 3842 ferre

45 3852 113 3920 aon]
133 3871 187 3908 our.
207 3855 257 3910 Gn.
273 3859 298 3912 l.
753 3867 758 3880 '

107 3935 168 3994 944.
204 3941 410 4010 iamdudum]
428 3941 536 3996 divisim
548 3938 599 4011 Lg.
613 3946 726 4010 praeter
737 3937 762 3992 8.
774 3937 817 3992 90.
828 3936 869 3992 te.
882 3966 917 3978 -
935 3935 1088 4006 Staienos]

45 4014 85 4072 iric
107 4021 157 4076 Ga.
171 4023 195 4077 l.
213 4029 234 4080 t.
269 4027 315 4080 De
338 4025 389 4100 ng.
413 4043 440 4083 v.
464 4027 486 4097 §-
504 4025 564 4079 949.
590 4026 654 4080 item
678 4024 714 4078 de
735 4024 846 4078 nominc
867 4021 1034 4078 Autronios.
1053 4023 1088 4065 κ’

40 4109 183 4178 peroptet]
197 4115 341 4186 prospici
356 4111 408 4184 Lg.
425 4111 469 4167 90.
487 4109 530 4166 cd.
549 4127 591 4182 pr.
609 4139 645 4151 -
670 4113 739 4165 aust
757 4107 829 4174 stat]
849 4121 877 4160 a.
895 4114 963 4162 sant
978 4107 1030 4178 Lg.
1043 4105 1089 4164 90.·

44 4181 82 4242 39.
99 4191 141 4246 51.
160 4192 204 4250 ed.
223 4212 265 4266 pr.
286 4228 317 4238 —
344 4213 404 4252 mon
421 4197 478 4266 ita]
495 4211 555 4251 aaa
573 4201 637 4250 tam
654 4193 704 4250 Gn.
720 4196 745 4251 l.
765 4193 809 4248 cd.
827 4207 869 4262 pr.
1085 4215 1090 4224 ⁴

106 4271 194 4335 LXX·
228 4279 288 4338 945.
323 4283 369 4340 etr
386 4283 435 4352 aa]
453 4285 502 4338 ota
517 4285 548 4336 et
564 4295 604 4337 aa
620 4279 664 4338 ed.
679 4297 723 4352 pr.
741 4306 777 4324 ω-
803 4275 950 4346 Molonis]
967 4273 1086 4333 mitanis
