2640 4780
366 434 560 505 Bllll'l’US
589 433 680 504 CAP.
701 435 754 505 22.
1003 436 1085 512 101

132 601 231 674 xxii
265 601 424 674 Memoria
452 613 545 674 terreo
573 601 729 689 Smyrnae
760 621 810 672 nne
840 619 880 670 ex
908 601 943 670 P.
968 603 1086 675 liutllio

61 723 129 790 linio
148 723 286 801 audisse,
315 744 386 790 eum
406 723 524 792 diceret
546 720 783 792 adolescentulo
804 722 1033 802 se-accidisse,
1055 736 1088 793 ut

61 862 94 908 er
116 839 390 910 Senatusconsnlto
421 841 456 908 P.
486 839 595 930 Scipio
623 851 654 908 et
681 837 720 908 D.
745 838 876 919 Brutus,
905 849 938 907 ut
966 843 1087 927 opinor,

60 959 189 1028 comedes
216 959 257 1028 de
285 979 321 1027 re
343 961 443 1028 atroci
467 980 644 1048 magnaque
672 968 868 1046 quaererent.
918 977 992 1026 narn
1019 979 1087 1030 cutn

61 1082 87 1144 iu
106 1077 181 1146 silua
196 1077 269 1146 Sila
288 1078 374 1146 lacta
394 1079 510 1148 coedes
530 1089 616 1146 esset
631 1079 758 1164 notique
775 1075 919 1144 homines
934 1077 1090 1146 interfecti

60 1195 336 1284 insimulareturque
367 1197 506 1277 familia,
539 1198 655 1287 partim
684 1197 779 1264 etiam
809 1193 904 1263 liberi
928 1197 1090 1264 societatis

60 1317 131 1394 cius,
157 1335 239 1403 quae
266 1317 406 1404 picarias
428 1315 468 1384 de
487 1313 522 1384 P.
546 1313 695 1384 Cornelio
716 1311 753 1382 b.
775 1312 928 1383 Mummio
948 1317 1090 1384 censori-

58 1432 107 1500 bus
121 1433 313 1513 redemisset,
330 1435 510 1503 demovisse
527 1443 678 1514 sendum,
698 1443 731 1502 ut
746 1433 785 1502 de
804 1453 846 1502 ec
861 1453 897 1500 re
916 1453 1090 1520 cognosce-

59 1561 116 1618 rent
137 1563 168 1620 et
192 1563 364 1621 statuerent
393 1553 549 1622 consules.
592 1551 644 1622 86.
675 1571 805 1622 cassem
832 1572 890 1642 pro
911 1552 1090 1641 publicanis

59 1681 205 1751 accurate,
235 1681 268 1740 ut
296 1691 421 1760 semper
447 1672 559 1740 solitus
586 1682 692 1750 essu,
720 1672 943 1758 eleganterque
971 1671 1091 1742 dixisse

56 1783 201 1870 beelium3
223 1809 295 1858 curn
316 1790 463 1858 eonsules
483 1811 520 1860 re
540 1791 649 1860 andba
669 1791 806 1874 amplius
828 1788 868 1857 de
883 1789 997 1858 consili
1018 1809 1091 1858 cen·

56 1908 142 1974 tertia
163 1909 469 1996 prenuntiavissent,
495 1911 605 1998 paucis
633 1909 825 1996 interpositis
846 1906 957 1975 diebus
981 1909 1092 1976 iterum

55 2019 185 2094 Laelium
220 2025 317 2094 multo
343 2027 524 2112 diligentius
550 2027 724 2113 meliusque
751 2023 886 2103 diliase,
919 2027 1092 2112 iterumque

56 2141 154 2214 eodern
179 2144 276 2214 modo
294 2165 316 2213 a
336 2144 518 2214 consulibus
536 2165 603 2212 rcrn
625 2163 698 2211 esse
719 2143 883 2231 prolatam.
925 2153 989 2210 turn
1007 2141 1093 2212 Lae-

55 2257 128 2341 lium,
147 2283 220 2332 cum
233 2283 303 2332 eum
315 2265 395 2333 sccii
410 2263 533 2332 domum
542 2263 742 2354 reduxisacnt
751 2263 952 2349 egissentque
969 2265 1093 2347 gratim

55 2388 93 2458 et,
106 2399 145 2450 ne
163 2381 407 2468 defatigaretur,
424 2385 618 2463 oravissent,
632 2381 769 2451 locutum
786 2400 860 2450 esse
875 2382 935 2448 ita:
958 2400 994 2448 se
1010 2401 1092 2469 quac

54 2494 173 2570 dedecet
191 2499 322 2569 bonoria
339 2521 447 2570 eornm
465 2523 565 2572 caune
585 2502 725 2570 studiose
743 2511 951 2589 accurateque
965 2500 1093 2580 iecisse,

112 2716 202 2774 XXll.
239 2715 399 2790 Smyrnae]
411 2724 544 2778 zmirnae
558 2721 606 2803 ed..
612 2737 654 2793 pr.
679 2721 725 2778 De
735 2737 789 2794 qun
801 2719 890 2775 ferma
901 2735 929 2776 v.
938 2718 1093 2778 Weicbert.

53 2799 126 2859 Perit.
144 2801 217 2861 neit
234 2821 261 2874 p.
280 2805 331 2860 169
342 2823 402 2876 sqq.
419 2834 456 2849 ·-
478 2805 708 2874 adolescentule]
734 2804 863 2862 adeum.
881 2803 975 2876 148.
993 2805 1035 2861 bib
1053 2805 1094 2860 51.

53 2883 87 2940 bd
103 2887 147 2945 68.
168 2887 213 2944 70.
228 2918 264 2928 -
286 2889 435 2944 aeetdtsre
446 2919 481 2932 -
494 2889 621 2957 Brutus]
640 2889 787 2944 accidisse
804 2886 871 2944 Ser.
891 2887 922 2944 0.
940 2886 975 2944 P.
990 2886 1095 2962 Scipio
1145 2909 1149 2916 ¹

52 2977 76 3024 ei
98 2972 139 3030 D.
159 2971 278 3028 Brutus
301 2973 345 3028 ed
369 2991 416 3044 pr.
436 2973 607 3028 memorabili
629 2973 849 3044 compendiariec
871 2972 1023 3042 scripturae
1049 2973 1096 3031 dc·

51 3059 220 3128 precatione.
234 3085 269 3096 -
287 3060 319 3112 irs
330 3057 408 3113 silure
420 3054 500 3126 scta]
517 3059 551 3112 irs
562 3059 720 3127 silcestre,
738 3059 771 3112 in
781 3060 879 3128 attacus
890 3062 951 3122 ua,
967 3061 1096 3124 lactinae

51 3143 104 3208 iia,
126 3143 316 3216 incusanda,
333 3146 367 3197 ire
382 3147 492 3199 silicas
509 3147 553 3198 ita
572 3141 633 3214 (bg.
646 3141 716 3210 35.),
734 3145 877 3214 tuditem
896 3146 942 3198 iia
954 3141 1016 3214 (bg.
1031 3142 1098 3214 bb),

51 3228 207 3283 inclusisti
222 3243 277 3280 ees
295 3231 340 3282 tta
357 3227 421 3298 (Gn.
441 3227 478 3300 l.)
496 3226 577 3300 codd.
593 3227 733 3300 plerique,
755 3229 871 3300 primum
888 3229 971 3284 etlam
986 3229 1031 3284 ed.
1052 3246 1097 3301 pr,

51 3311 102 3368 Sed
119 3311 199 3368 siloa
215 3311 290 3366 clare
305 3313 409 3386 ¹legitur
430 3315 459 3370 lm
477 3311 540 3368 Vnt
561 3312 653 3386 (silea
671 3331 727 3370 sua
740 3317 824 3385 dtu),-
846 3315 973 3386 proxime
990 3314 1098 3370 accedit

52 3399 80 3450 in
95 3415 153 3452 oua
177 3400 223 3452 iia
244 3395 296 3469 ing,
314 3397 356 3454 20.
375 3398 419 3454 5³.
434 3398 484 3468 68.
513 3397 642 3454 Correxit
658 3398 800 3456 'l'urncbua
816 3400 933 3456 Adsere.
951 3399 999 3456 xl.
1019 3403 1043 3456 1.
1060 3425 1097 3440 -

51 3478 149 3552 libert]
175 3480 276 3537 libem
297 3483 436 3539 Corradus
456 3479 576 3540 occutus
599 3483 747 3554 Meyerua,
771 3484 816 3540 bic
835 3485 942 3554 quidem
964 3485 1097 3557 exemplis

51 3563 177 3622 familiam
193 3583 216 3624 a.
236 3584 335 3622 nervos
352 3577 382 3622 et
398 3567 513 3624 libertos
532 3567 607 3639 iungi
625 3567 735 3622 docens.
772 3569 830 3623 Sed
848 3585 901 3638 quo
918 3571 1002 3626 modo
1019 3573 1098 3628 cecil

50 3649 66 3704 l.
84 3669 108 3708 e.
126 3651 264 3722 publicani
282 3652 443 3724 quaestione
461 3651 572 3708 liberarl
589 3659 737 3722 potueruut
753 3652 788 3723 (5.
803 3652 875 3720 88),
891 3655 915 3710 ai
931 3671 988 3712 rrcrr
1005 3664 1098 3714 essent

50 3733 174 3806 ingenui,
192 3737 298 3807 equites
313 3737 448 3808 Romanii
466 3739 513 3796 alii
529 3738 601 3794 enim
617 3753 674 3792 non
691 3737 881 3795 conducebant
897 3743 1051 3814 vectigalia.
1061 3772 1097 3785 ·-

47 3821 193 3892 picarias]
215 3822 256 3876 sic
280 3822 323 3878 ed.
340 3839 383 3892 pr.
409 3831 438 3877 et
459 3822 522 3878 libri
544 3822 687 3896 plerique3
704 3828 868 3897 maedus
887 3825 1043 3883 corradum:
1068 3845 1098 3888 v.

52 3903 201 3960 Schneider
227 3906 264 3960 cd
287 3906 442 3965 Varronem
467 3909 502 3964 de
521 3909 556 3964 R.
576 3908 610 3964 R.
633 3926 661 3980 p.
679 3908 739 3966 ³88.
757 3908 817 3965 390.
853 3909 978 3966 Oorredo
1002 3912 1098 3978 iuvent

51 3985 98 4062 lag.
115 3990 158 4048 20.
176 3989 220 4047 st.
236 3991 281 4048 68.
307 3992 372 4050 Vnt.
390 3996 579 4068 (peccarim
597 3993 632 4050 70
649 3995 865 4068 (pennice-te).
900 3994 953 4052 Gu.
972 3997 996 4061 l,
1013 3995 1097 4053 bebet

47 4079 219 4148 preenrmr,
237 4075 347 4150 1439.
364 4083 536 4154 opperirier,
556 4079 599 4136 bnt
617 4083 790 4155 epternac.-

114 4175 159 4234 δᾶ
194 4178 325 4237 decultum
338 4184 414 4252 esee]
432 4199 496 4238 esee
509 4200 565 4241 erra.
575 4181 627 4257 Ing.
642 4183 686 4240 ³9.
711 4188 789 4237 esset
800 4182 842 4238 58.
854 4211 890 4224 -
913 4181 969 4237 eccl
982 4183 1025 4253 ne]
1043 4182 1098 4240 red

52 4277 102 4324 om.
115 4262 159 4323 bi.
177 4262 222 4327 39.
234 4265 277 4326 ὃ.
289 4296 326 4317 ι·
352 4267 521 4343 ccdmattor]
537 4270 697 4337 munemne
710 4267 829 4328 mund
845 4276 889 4328 eet
904 4267 1013 4336 Beiteio
1031 4285 1098 4342 prc-
