2646 4772
375 413 570 484 usurus
598 396 688 486 otu.
711 415 762 486 ro.
1001 419 1094 492 ass

59 603 106 652 sar
132 591 234 652 antem
261 583 415 652 rationem
443 585 596 654 adhibens
617 585 872 654 consuetudinem
892 587 1039 656 vitiosam
1063 597 1095 656 ct

58 713 223 790 corruptam
244 721 324 791 pora
343 709 380 769 ‘et
401 705 580 792 incorrupte
601 704 825 772 consuetudine
845 704 997 772 emendat.
1030 703 1094 772 Ita-

58 813 112 906 quo'
126 839 195 888 cnm
217 820 258 888 ad
279 817 361 888 hanc
384 821 573 908 elegantiam
594 821 760 890 vorborum
781 819 979 902 Latinorum,
1002 842 1094 910 qnae,

57 940 171 1006 etamsi
199 931 397 1008 orator'nom
425 941 487 1020 sis,
516 950 548 1008 et
576 941 622 1008 sis
649 942 804 1026 ingenuus
826 941 905 1008 civis
923 937 1094 1022 Romanus,

56 1065 150 1122 umen
176 1059 364 1124 necessaria
390 1067 455 1138 est,
488 1057 629 1144 adiungit
655 1058 713 1125 illa
744 1060 884 1126 oratoria
912 1069 1095 1128 ornamenta

56 1171 187 1240 dicendi:
214 1185 279 1242 tunt
303 1175 425 1242 videtur
451 1185 599 1264 tanquam
619 1175 746 1244 tabulas
768 1175 848 1244 bene
870 1178 971 1264 pictas
994 1177 1094 1246 collo-

56 1309 121 1357 care
141 1293 279 1362 inbono
300 1293 426 1360 lumine.
468 1291 558 1362 Hanc
581 1313 649 1361 cum
671 1293 786 1362 habeat
803 1297 1003 1383 praecipuam
1023 1295 1094 1362 lau-

56 1407 118 1474 dem
137 1412 170 1477 in
192 1412 422 1492 communibus,
443 1431 507 1480 non
521 1412 615 1482 video
634 1416 684 1480 oui
703 1413 816 1481 debeat
833 1413 955 1481 cedere.
989 1413 1095 1501 splen-

55 1525 150 1594 didam
173 1529 330 1616 qnaudam
352 1521 546 1618 minumeque
563 1534 784 1600 veteratoriam
800 1533 952 1600 notionem
969 1531 1094 1600 dicendi

53 1655 145 1726 tenet,
164 1667 246 1716 voce
268 1659 352 1715 motu
372 1649 475 1716 forma
495 1650 588 1716 etiam
610 1649 778 1736 magnilica
796 1659 827 1716 et
842 1669 1000 1736 generosa
1017 1669 1094 1736 quo-

55 1762 118 1830 dam
147 1767 253 1834 modo.
295 1767 369 1834 toa.
399 1764 481 1832 Tum
510 1764 643 1834 Brutus:
673 1764 841 1834 Orationes
873 1767 996 1852 quidem
1025 1769 1093 1834 eius

54 1881 121 1949 mihi
146 1884 349 1952 vehementer
377 1884 563 1972 probantur;
590 1884 758 1972 compluris
787 1883 891 1950 autem
918 1883 993 1970 legi.
1036 1884 1094 1952 At-

54 2021 106 2085 que
131 2005 228 2068 etiam
251 1997 491 2070 commentarios
513 2002 666 2088 quosdam
689 1999 814 2088 scripsit
834 2021 937 2068 rerum
957 2020 1093 2068 suorum.

52 2114 146 2186 Valde
168 2121 310 2208 quidem,
335 2123 485 2206 inquam‚‘
499 2118 694 2206 probandos:
725 2117 800 2185 nudi
820 2120 903 2184 enim
924 2128 995 2184 sunt
1015 2121 1095 2184 recti

53 2245 79 2302 et
96 2233 323 2306 venusti'omni
345 2236 635 2306 ornatu'orationis
660 2246 807 2323 torquem
830 2246 919 2304 veste
942 2236 1092 2306 detracta.

53 2457 192 2512 concinunt
208 2457 259 2530 Lg.
273 2459 316 2516 30.
333 2458 375 2516 35.
396 2459 437 2516 53.
456 2457 499 2526 58.
519 2455 561 2516 08.
579 2457 619 2513 70.
645 2455 717 2512 Ven.
732 2457 755 2514 l.
777 2452 835 2512 0tt.
855 2454 919 2513 Vat.
935 2483 971 2500 ν-
996 2454 1094 2528 tilica]

53 2539 108 2594 add.
126 2543 206 2598 tttud
222 2543 272 2615 Lg.
289 2543 332 2600 20.

114 2669 176 2726 261.
214 2671 436 2740 cousuetudine]
462 2671 526 2728 Sclr.
552 2672 714 2738 decoctione,
739 2671 876 2734 barbare3
904 2668 997 2724 debuit
1022 2670 1094 2723 enirn

53 2750 217 2810 elocutione.
253 2755 362 2809 Dudum
385 2757 504 2826 explicui
527 2757 616 2810 locum
640 2761 667 2812 et
689 2755 818 2827 probavit
843 2752 972 2809 Orellius.
1008 2753 1096 2808 Recta

52 2837 117 2890 eninr
139 2849 168 2892 et
184 2855 273 2910 prove
291 2841 458 2893 consuetudo
476 2857 562 2910 saepe
580 2857 636 2893 unu
650 2841 679 2893 in
698 2857 747 2893 usu
764 2848 842 2902 sunt3
859 2838 908 2890 illo
927 2837 1000 2906 opud
1018 2837 1096 2892 Cice·

51 2935 129 2978 rones
148 2923 341 2987 accessores,
361 2923 430 2975 hoec
447 2923 520 2992 opud
539 2923 689 2991 Caepasios
708 2933 735 2994 et
754 2923 898 2984 Staiem0s3
917 2920 987 2974 baec
1004 2937 1095 2975 emetr-

51 3004 125 3061 dotur
149 3006 199 3059 illa
216 3007 309 3076 priore
333 3005 556 3059 commendando.
574 3035 608 3045 —
632 3005 735 3076 forma
754 3007 859 3072 ellam]
884 3011 913 3057 et
935 3009 1096 3074 proellum

50 3087 95 3162 Lg.
114 3098 229 3161 praeter
245 3088 286 3142 30.
306 3089 346 3144 53.
365 3089 406 3144 58.
420 3118 460 3164 ῥ-
485 3089 649 3162 moqotfico
674 3098 702 3144 et
720 3091 875 3162 qenerouu]
905 3089 1042 3143 Corradus
1068 3099 1096 3144 et

50 3163 197 3228 Lambinus
206 3173 401 3230 Suetonianem
413 3175 571 3246 scripturam
584 3167 819 3248 mayolficum—
829 3191 1003 3246 qenerosum
1016 3191 1096 3243 prse-

51 3257 145 3314 ierunt.
183 3259 248 3314 Nou
274 3247 417 3317 assentior.
452 3260 496 3313 Ad
518 3260 691 3330 splendidum
714 3259 783 3312 illud
805 3268 833 3312 et
854 3259 963 3312 minime
986 3267 1095 3312 vetera·

52 3346 148 3398 torium
162 3339 309 3398 verborum
325 3362 410 3415 genus
423 3333 501 3400 vocis
516 3353 544 3398 et
557 3345 662 3398 formae
676 3345 792 3416 dignitas
805 3341 952 3415 magnifica
963 3343 1096 3396 accedere

52 3426 145 3483 dicitur
168 3429 319 3500 principem
341 3429 459 3483 civitatis
481 3438 510 3484 et
534 3432 617 3485 totius
636 3430 727 3496 orbis,
752 3429 797 3498 qui
821 3438 884 3482 tunc
905 3437 965 3482 erat
984 3427 1096 3494 Caesar,

53 3511 157 3568 decens.
203 3515 277 3569 Voce
295 3520 380 3568 moiut
396 3513 498 3582 forrna
515 3516 628 3569 ablativi
647 3515 860 3583 consequentiae
876 3522 947 3566 sunt.
966 3541 1002 3553 -
1026 3529 1095 3582 quo·

54 3595 122 3652 vlam
138 3599 239 3668 modo]
261 3599 369 3654 divisim
387 3597 436 3670 ng.
454 3599 478 3653 8.
494 3598 537 3654 39.
555 3599 598 3654 53.
617 3599 660 3654 68.
679 3599 720 3652 70.

99 3725 176 3780 tut.
211 3725 385 3798 corruptoris]
411 3725 451 3778 sic
473 3723 523 3796 lug.
543 3723 569 3781 8.
593 3724 635 3778 20.
656 3723 698 3779 30.
722 3723 763 3778 51.
787 3723 829 3778 53.
854 3722 906 3778 56.
921 3724 964 3778 58.
990 3725 1031 3780 68.
1053 3725 1095 3780 70.

56 3803 123 3874 Ott.;
147 3801 183 3866 en
201 3829 255 3880 qua
272 3811 407 3880 scriptura
425 3819 580 3880 corruptum
599 3816 640 3862 est
659 3809 687 3862 im
708 3808 752 3863 td.
768 3823 810 3880 pr.
834 3811 1046 3882 complurimis.
1061 3840 1096 3850 —-

57 3889 202 3962 detractu]
217 3897 271 3962 sic,
289 3897 412 3966 quamvis
426 3893 561 3948 detracto
579 3896 753 3964 grammatica
767 3895 837 3947 ratio
855 3897 1009 3947 accuratior
1024 3911 1095 3946 com·

56 3979 172 4045 mordet,
188 3979 251 4032 libri
264 3997 357 4034 omnes
372 3989 400 4034 et
414 3979 457 4034 ed.
472 3977 528 4049 pr.';
547 3977 681 4033 detracto
697 3987 759 4049 post
772 3976 931 4030 Lambinum
945 3978 1013 4030 Eunu
1031 3977 1095 4031 Scb.

57 4056 139 4118 Oreil.
176 4065 255 4122 Quae
272 4065 405 4136 Meyerus
423 4063 571 4117 secundum
588 4063 787 4134 Heusingerum
810 4061 845 4114 ad
864 4060 937 4130 Nep.
957 4061 1051 4114 ‘rhem
1070 4063 1094 4116 7.

58 4147 178 4217 exempla
194 4147 448 4204 intermittite.
467 4147 488 4204 i.
509 4165 548 4203 or.
564 4147 686 4218 Philippi
698 4149 729 4201 ·7.
759 4149 815 4202 Cic.
834 4145 915 4205 Verr.
934 4143 954 4198 l.
971 4143 1014 4198 21.
1040 4143 1094 4200 Off.

58 4223 76 4278 l·
89 4228 129 4285 33.
155 4225 317 4290 botunto.
332 4233 381 4290 xi.
394 4234 452 4302 82,
470 4251 506 4288 ea
519 4234 579 4288 iure
596 4232 735 4291 dissimilia
751 4233 815 4287 dicit
827 4229 1002 4302 Bernhardy.
1038 4231 1095 4286 Sed
