2640 4780
308 407 507 478 BRUTUS
537 407 629 478 GAP.
652 408 702 478 17.
949 411 1033 488 181

19 589 95 646 tanen
112 595 184 646 suos
198 577 400 660 laudatores,
427 581 481 668 qui
503 579 564 648 hac
593 580 665 668 ipsa
689 579 758 650 eius
780 575 950 650 subtilitate
973 579 1031 650 ad-

19 699 112 764 nodum
130 698 295 784 gaudeant.
391 707 394 712 “
824 711 827 718 ’
862 713 877 792 J

76 813 165 882 xvll
192 815 243 883 66.
273 815 424 884 Catonem
449 835 526 885 vero
557 817 628 904 quis
655 823 833 886 nostronum
863 825 1030 898 oratorum,

19 936 52 1020 pu
75 934 191 1020 quidem
212 953 294 1001 nunc
315 944 401 1015 suut,
429 935 509 1020 legit
539 943 591 1002 aut
616 936 686 1022 quis
711 937 797 1002 novit
822 938 968 1004 omniunt
999 943 1031 1004 et

19 1071 82 1136 pren
106 1035 218 1132 virum,
252 1052 282 1118 di
308 1051 399 1120 honi!
432 1055 519 1120 mitto
552 1055 654 1122 civem
684 1062 738 1120 aut
766 1064 945 1122 senatorem
977 1061 1030 1122 aut

19 1153 213 1255 inperatorem:
244 1181 401 1238 oratorem
428 1172 511 1238 enim
540 1169 701 1239 hocloco
730 1173 927 1258 quaerimus3
958 1174 1051 1260 quis¹

19 1285 53 1352 lle
66 1289 183 1371 gravior
199 1288 426 1368 inlaudando,
449 1288 595 1356 acerbior
616 1291 650 1354 iu
665 1290 883 1378 vituperando,
905 1292 939 1356 iu
956 1309 1031 1357 sen-

19 1406 90 1471 antiis
109 1409 275 1494 argutior,
312 1409 346 1474 in
378 1407 519 1476 docendo
556 1407 823 1500 edisserendoque
857 1407 1027 1476 subtiliort

19 1519 128 1600 helenae
160 1533 231 1592 sunt
267 1527 427 1592 orationes
467 1525 600 1614 anplius
633 1535 755 1594 centum
792 1529 1029 1615 quinquaginta,

19 1659 68 1734 pras
91 1643 211 1728 quidem
239 1641 340 1711 adhuc
371 1645 543 1712 invenerim
572 1653 602 1712 et
630 1643 779 1730 legerim,
810 1654 841 1712 et
865 1643 972 1714 verbis
997 1654 1029 1712 et

19 1757 79 1852 phur
94 1759 275 1828 illustribus.
318 1761 394 1828 licet
413 1781 452 1828 ex
472 1761 523 1828 his
544 1761 663 1848 eligant
680 1781 737 1841 ea,
763 1781 843 1848 quae
867 1765 1028 1830 notatione

19 1885 32 1970 tt
47 1876 126 1944 lande
147 1879 247 1966 digna
268 1880 346 1946 sint:
376 1899 483 1946 omnes
506 1881 664 1947 oratoriae
686 1881 816 1948 virtutes
845 1881 879 1949 in
906 1883 947 1946 iis
976 1900 1029 1946 re-

19 1997 141 2088 perientur.
186 1997 238 2063 66.
266 1993 333 2064 lam
359 2015 436 2064 vero
457 1994 607 2082 Origines
633 1999 702 2064 cius
727 2017 819 2084 quem
838 1997 948 2064 dorem
974 2007 1028 2064 aut

19 2114 67 2198 uod
84 2114 185 2182 lumen
207 2113 404 2202 eloquentiae
425 2134 489 2182 non
510 2112 646 2180 habeutt
686 2114 854 2184 Amatores
876 2113 949 2180 huic
971 2115 1027 2180 de-

19 2240 70 2328 prt,
97 2235 189 2302 sicuti
210 2233 313 2300 multis
342 2235 410 2300 iam
432 2241 504 2300 ante
527 2229 623 2300 seclis
645 2241 676 2298 et
696 2230 828 2300 Philisto
851 2229 1026 2316 Syracusio

19 2352 102 2442 ‚tipsi
134 2350 322 2436 Thucydidi.
371 2370 445 2418 nam
476 2361 509 2418 ut
540 2349 650 2418 horum
682 2352 820 2418 concisis
853 2352 1025 2430 sententiis,

20 2469 128 2562 tardum
151 2471 247 2538 etiam
274 2489 338 2537 non
365 2472 443 2562 sutis
470 2471 588 2558 apertis
616 2489 687 2536 cum
713 2468 867 2538 brevitate
892 2480 957 2536 tum
976 2471 1027 2536 ni-

20 2585 48 2678 pio
62 2589 216 2666 acumine,
239 2586 334 2654 officit
352 2585 572 2675 Theopompus
595 2587 731 2655 elatione
752 2596 845 2674 atque
864 2585 1026 2653 altitudine

21 2707 127 2798 patioris
149 2725 245 2798 suae,
268 2706 350 2794 quod
371 2706 454 2772 idem
476 2703 595 2790 Lysiae
617 2702 861 2786 Demosthenes;
892 2707 939 2772 sic
961 2703 1025 2770 Ga-

21 2823 60 2908 tuis
77 2823 248 2891 luminibus
269 2822 421 2892 obstruxit
440 2822 520 2890 haec
541 2825 748 2910 posteriorum
769 2825 861 2909 quasi
882 2815 1021 2908 ex'ugge-

46 3041 71 3085 tt,
96 3037 209 3094 dedectctl
223 3040 329 3084 delectet.

23 3205 229 3268 theudemundo
247 3209 446 3265 desideremus:
459 3208 556 3281 itaque
573 3225 626 3281 ego
641 3224 750 3280 qnoque
769 3206 810 3263 illi
828 3207 961 3264 caleulum
977 3207 1025 3264 ad·
1095 3275 1098 3280 1

24 3311 83 3352 1.-
108 3299 217 3368 eldam]
235 3305 264 3354 ed
284 3298 328 3354 ed.
346 3316 389 3370 pr.
432 3289 450 3334 Ψ
526 3329 529 3338 .
798 3377 801 3383 ¹

24 3409 26 3444 ῑ
48 3401 84 3460 64.
120 3417 183 3457 nora
202 3401 278 3470 tom]
297 3407 361 3455 tam
378 3417 431 3456 om.
448 3399 491 3474 ed.
505 3418 591 3473 pr.-
608 3400 750 3470 delectat]
768 3399 893 3474 delectet
909 3399 974 3455 Ern.
989 3430 1024 3440 -

24 3495 48 3542 ttt
61 3491 160 3564 coepe]
178 3489 217 3544 sic
235 3505 329 3545 omnes
345 3489 415 3544 libri.
448 3505 537 3562 saepe
556 3497 623 3546 erent
643 3487 720 3544 Grut.
739 3519 773 3556 ε
802 3487 893 3543 habet
910 3487 1023 3555 tamea]

25 3577 272 3650 mmmm
915 3565 918 3572 ¹

48 3680 128 3736 nvn.
166 3680 210 3734 65.
245 3681 425 3750 nostrornm]
443 3687 579 3736 nostrum
595 3679 639 3734 ed.
658 3695 699 3749 pr.
715 3706 750 3720 -
770 3678 817 3747 du]
834 3678 887 3742 sic,
904 3692 960 3729 non
978 3675 1026 3730 uti

26 3768 70 3834 td.
85 3771 127 3824 51.
153 3767 226 3824 Ven.
241 3770 265 3823 l.
282 3799 316 3810 -
338 3759 839 3840 edisserendoqrse1.dissererrdoqrre
855 3763 907 3836 Lg.
920 3763 963 3818 66.
978 3763 1020 3818 53.

26 3855 78 3910 ,76
112 3857 145 3911 lm
162 3856 225 3912 Vat
244 3866 286 3913 est
301 3866 430 3928 puuctum
447 3857 497 3912 suh
515 3875 532 3910 e
544 3856 653 3932 initiali.
668 3883 705 3898 —
730 3855 800 3910 lieet
817 3870 855 3926 ccc
872 3849 933 3918 lais]
953 3851 1023 3904 licet

26 3948 72 3998 ‘tte
89 3947 131 4002 ed.
147 3963 190 4016 pr.
223 3985 229 3993 -

48 4045 86 4102 66.
122 4046 222 4116 seclis]
239 4049 279 4102 sic
296 4013 347 4119 Lm
364 4048 382 4101 8
397 4013 469 4101 corr.
486 4005 529 4100 66.
545 4045 589 4102 56.
603 4045 645 4099 66.
673 4043 743 4098 Ven.
757 4043 780 4096 l.
795 4039 820 4094 6.
842 4033 937 4092 ottob.
955 4034 1020 4088 Vat.

27 4133 83 4188 redte
96 4134 138 4191 36.
153 4135 196 4190 51.
209 4165 244 4178 -
261 4153 328 4192 cum
343 4135 496 4202 mensae]
512 4140 573 4188 tam
588 4133 630 4188 dr.
644 4133 687 4188 ed
703 4147 753 4201 pr„
774 4130 829 4182 aot
846 4121 1021 4198 cumlbreci-

27 4223 44 4272 te
54 4221 120 4280 Ven.
132 4222 158 4279 l.
176 4222 227 4279 Gn.
240 4227 309 4280 1.-
329 4225 409 4295 quod
422 4222 515 4292 idm]
530 4219 673 4293 athalo.
696 4221 768 4276 item
775 4213 818 4270 aa.
828 4243 862 4258 -
875 4213 1020 4284 porterus
