2676 4774
224 439 307 508 ’48
401 425 551 498 anvls
572 421 871 507 ELOQUENTIAE
892 419 995 490 ROM.
1017 421 1127 489 HIST.

241 607 362 692 publica
377 604 519 686 principis
538 599 714 682 granimem
727 595 911 660 orationihus
922 596 985 656 eins
995 594 1169 676 impressam
1179 594 1281 669 luisse
1320 577 1321 584 ἵ

242 709 307 784 sed,
340 725 405 769 cunr
433 701 629 785 nequeuntis
658 717 753 780 neque
782 703 903 760 ornatus
927 695 1076 758 lenocinia
1103 696 1280 770 accederent

242 807 377 890 exempla
409 825 447 868 ex
473 806 511 867 iis
540 812 572 866 ut
599 802 819 864 desumerentur
844 797 909 859 ieri
935 815 994 860 non
1014 804 1147 878 poterat:
1174 815 1234 879 qua
1253 815 1281 859 re

241 909 382 974 memoria
403 923 504 968 earum
525 902 606 987 apud
626 902 786 984 plerosque
808 917 877 963 mox
899 899 1043 962 exstincta
1064 907 1118 961 est.

736 1117 744 1131 .
767 1072 818 1132 22.

626 1182 660 1239 Ρ.
677 1066 794 1240 suffusus
811 1181 907 1238 Rufus.

327 1313 512 1391 Adiungatur
540 1307 655 1372 Scauro
686 1307 769 1370 annis
797 1305 862 1369 iere
888 1311 955 1368 octo
985 1304 1285 1366 minorabuntur

244 1418 339 1493 Rape
354 1411 418 1496 (⁹¹).
461 1411 491 1473 Is
517 1415 603 1490 patre
626 1409 779 1490 praetorio
800 1415 886 1468 natus
908 1406 946 1468 ab
968 1407 1084 1467 incunte
1105 1411 1203 1466 aetate
1226 1421 1285 1466 eam
1322 1460 1323 1492 p

241 1517 355 1597 ingenii
379 1511 590 1624 praestantiam
618 1508 790 1572 ostendisse*
808 1507 938 1582 uidetur,
967 1524 1027 1586 qua
1047 1524 1158 1567 summa
1179 1524 1286 1569 morum
1322 1493 1323 1580 l

243 1617 414 1697 integritate
437 1614 537 1674 iuncta
562 1611 609 1674 nir
633 1609 730 1672 factus
758 1609 890 1672 omnibus
917 1607 983 1670 fere
1004 1607 1179 1686 aequalibus
1199 1625 1286 1688 prae-

244 1720 325 1784 stitit.
369 1714 517 1777 Tribunus
537 1711 649 1808 plebis,
674 1711 711 1774 de
732 1729 791 1792 qno
813 1709 989 1788 magistratu
1010 1715 1095 1786 gesto
1116 1709 1211 1790 primo
1234 1709 1286 1770 ali-

245 1819 316 1902 quid
344 1817 528 1896 accepimus,
561 1822 677 1876 creatus
705 1803 749 1875 est
778 1830 837 1875 non
865 1817 933 1872 ante
960 1827 987 1870 a.
1010 1811 1087 1884 639,
1118 1810 1145 1870 si
1173 1810 1287 1890 quiden

244 1922 360 1986 omnino
394 1935 458 1979 eum
489 1917 630 1978 bonorem
661 1915 769 1993 gessit3
802 1929 878 1975 anno
908 1911 983 1974 enim
1009 1911 1112 1991 priore
1139 1911 1286 1992 repulsam

242 2039 349 2105 passus
371 2027 415 2080 est
428 2014 491 2096 (⁹²).
527 2017 702 2079 Praeturam
728 2014 846 2076 iodea
869 2017 946 2090 643,
973 2014 1155 2076 consolatum
1178 2016 1324 2094 atilli

121 2127 125 2132 ’
244 2123 381 2194 obtinuit,
414 2137 479 2182 cnm
506 2135 582 2180 anno
610 2123 678 2178 ante
704 2115 887 2197 impetendo
915 2123 1070 2197 superatus
1096 2123 1174 2178 esset
1201 2135 1222 2177 a
1247 2115 1285 2178 Μ

243 2217 437 2300 socordes.)
480 2219 515 2279 ln
541 2233 600 2298 quo
628 2218 817 2295 magistratu,
846 2234 910 2279 cum
939 2215 1059 2295 collega
1084 2215 1136 2278 Gn.
1163 2216 1287 2279 Mallius

244 2324 394 2388 Maximus
414 2319 528 2397 ingenti
548 2326 650 2396 strage
671 2336 691 2378 a
712 2315 837 2381 Cimbris
858 2318 943 2380 iosus
963 2325 1054 2393 esset,
1078 2315 1210 2380 iuniores
1234 2318 1287 2379 Itu·

243 2427 304 2488 liae
326 2426 509 2484 sacramento
531 2418 653 2497 adigere
674 2435 694 2479 a
715 2425 818 2480 senatu
839 2420 937 2481 iussus
957 2420 1003 2481 rei
1023 2425 1120 2480 amen
1141 2419 1288 2508 gerendae

243 2523 401 2588 occasione
428 2519 532 2583 cersuit.
579 2518 654 2582 Tum
679 2520 804 2600 primum
829 2527 858 2582 et
885 2521 923 2581 ab
950 2521 1007 2582 boc
1034 2518 1154 2582 consule
1180 2521 1288 2583 tirones
1324 2549 1325 2560 ι

244 2633 338 2688 amem
359 2639 442 2682 arma
461 2619 608 2682 mactandi
628 2620 777 2682 arcessitis
799 2620 1015 2699 gladiatoribus
1037 2620 1176 2682 didicere.

328 2722 475 2786 Plurimus
505 2722 626 2785 uirtutes
653 2721 684 2781 in
708 2721 765 2782 hoc
791 2722 856 2784 uiro
885 2723 971 2803 quasi
998 2722 1147 2784 societatis
1173 2722 1288 2785 vinculo

244 2828 358 2890 iunctas
385 2823 478 2884 fuisse
505 2829 635 2884 veterum
660 2821 827 2884 testimonio
847 2820 1046 2885 consentiunt.
1088 2823 1189 2885 Fortis
1219 2825 1288 2885 coin

244 2927 325 2990 bello
347 2925 404 2988 luit
428 2931 456 2987 et
476 2923 536 2984 iam
557 2919 794 2984 adolescentulus
816 2923 949 3004 Scipioni
969 2924 1078 2986 bellum
1104 2923 1142 2986 ad
1162 2924 1288 2987 Numan-

244 3029 315 3092 tiam
331 3026 447 3106 gercnti
462 3024 681 3105 acceptissimus
693 3019 763 3102 (⁹⁴);
774 3041 890 3105 ‘casque
903 3043 952 3086 res
969 3026 1034 3106 ipse
1051 3025 1199 3104 singulari
1215 3027 1288 3088 libro

245 3129 410 3210 descripsit.
453 3124 642 3202 Adiungcbat
663 3141 741 3198 eam,
767 3143 844 3205 quae
864 3133 933 3188 tunc
955 3134 1033 3201 erat,
1061 3127 1218 3190 literarum
1240 3146 1288 3190 no-

244 3232 347 3292 titiam.
391 3227 507 3311 Quippe
534 3225 609 3285 iuris
628 3225 823 3304 peritissimus
845 3234 923 3302 erat,
949 3228 1030 3288 cuius
1051 3229 1178 3309 peritiae
1202 3230 1287 3292 doco-

244 3338 342 3392 rocnta
371 3325 531 3409 praeclara
563 3331 591 3386 el
622 3325 654 3385 in
681 3326 866 3389 orationibus
894 3329 1049 3391 exstabant
1080 3339 1109 3394 et
1139 3332 1170 3393 in
1197 3333 1288 3405 libris,

314 3489 360 3558 91)
385 3488 509 3562 Egerunt
530 3489 566 3545 de
590 3489 645 3544 boc
666 3506 718 3560 per
744 3500 863 3546 saturam
885 3491 966 3548 Voss.
992 3493 1027 3548 da
1043 3491 1113 3551 Hist.
1137 3495 1170 3550 1..
1195 3513 1226 3567 p.
1250 3495 1288 3550 39.

245 3585 273 3631 et
293 3576 329 3630 do
344 3575 413 3632 illst.
432 3573 479 3630 Gr.
498 3594 525 3647 p.
544 3575 602 3631 110.
621 3577 685 3629 item
699 3575 885 3648 Glandorpius
898 3580 926 3632 in
940 3575 1133 3646 Onomastic03
1150 3583 1238 3652 poulo
1251 3599 1288 3635 oc·

245 3659 546 3715 curatiochrnsdorl.
564 3659 600 3712 od
612 3660 644 3714 P.
656 3659 690 3716 1..
704 3659 745 3717 Μ.
765 3662 820 3718 vol.
832 3661 865 3718 V.
881 3681 908 3734 p.
923 3663 945 3719 1.
959 3681 985 3734 p.
998 3665 1033 3718 98
1045 3681 1103 3735 sqq.
1178 3667 1288 3735 99)61ι.

245 3743 341 3799 Plane.
352 3743 395 3796 21.
482 3742 528 3811 93)
543 3742 604 3797 Hoc
622 3745 694 3798 enim
711 3747 746 3800 ad
759 3747 925 3815 secundum,
942 3765 998 3804 non
1016 3752 1052 3804 od
1066 3752 1180 3822 primum
1194 3751 1288 3806 Scauri

245 3827 414 3883 consulatum
429 3829 569 3899 pertinere
584 3829 656 3884 bone
671 3833 790 3886 ostendit
803 3833 916 3905 Pighius
934 3843 953 3889 t.
970 3834 1016 3890 lll.
1030 3854 1057 3906 p.
1070 3835 1126 3891 134.
1156 3837 1227 3892 Com
1240 3838 1288 3908 pri·

245 3929 316 3968 mom
335 3913 429 3967 consul
442 3914 560 3968 Scauros
571 3912 635 3979 tuit,
653 3915 798 3971 tribunicia
812 3913 976 3973 erutRotilii
988 3927 1072 3976 aetas.
1146 3921 1193 3986 94)
1207 3921 1288 3976 Prur-

244 3997 332 4054 icctos
355 3999 494 4070 Scipionis
519 4017 553 4054 eo
574 3999 649 4054 bello
673 3999 736 4055 tuit:
764 4019 790 4057 v.
815 4002 933 4074 Appiam.
954 4003 1035 4080 'Ippp
1054 4006 1097 4061 88.
1139 4007 1241 4061 Suidas
1263 4021 1286 4059 v.

243 4083 395 4145 Ῥουτίλιος.
431 4083 548 4152 Errant,
566 4094 595 4138 nt
607 4084 793 4142 Schneiderus
812 4105 855 4159 ep.
872 4089 907 4143 ad
922 4089 1041 4162 Langer.
1060 4109 1087 4162 p.
1103 4091 1218 4148 xxvii.
1235 4108 1288 4145 ram

245 4169 366 4223 militiam
383 4169 529 4224 tribunicio
548 4169 652 4237 Rutilio
676 4172 861 4242 assignantes,
880 4175 957 4244 qnasi
974 4175 1028 4230 lam
1045 4193 1070 4234 a.
1086 4175 1146 4232 616.
1166 4193 1229 4231 eum
1246 4176 1287 4230 bo-

245 4270 339 4312 norem
357 4255 481 4323 gesserit.
