<?xml version="1.0" encoding="UTF-8"?>
<!DOCTYPE html PUBLIC "-//W3C//DTD XHTML 1.0 Transitional//EN"
    "http://www.w3.org/TR/xhtml1/DTD/xhtml1-transitional.dtd">
<html xmlns="http://www.w3.org/1999/xhtml" xml:lang="en" lang="en">
 <head>
  <title>
</title>
<meta http-equiv="Content-Type" content="text/html;charset=utf-8" />
  <meta name='ocr-system' content='tesseract 3.04.00' />
  <meta name='ocr-capabilities' content='ocr_page ocr_carea ocr_par ocr_line ocrx_word'/>
</head>
<body>
  <div class='ocr_page' id='page_1' title='image "./brutussivedecla00cicegoog/brutussivedecla00cicegoog_0027.png"; bbox 0 0 2676 4774; ppageno 0'>
   <div class='ocr_carea' id='block_1_1' title="bbox 535 1623 615 1707">
    <p class='ocr_par' dir='ltr' id='par_1_1' title="bbox 535 1623 615 1707">
     <span class='ocr_line' id='line_1_1' title="bbox 535 1623 615 1707; baseline 0 -23"><span class='ocrx_word' id='word_1_1' title='bbox 535 1623 564 1707; x_wconf 76' lang='lat' dir='ltr'>q.</span> <span class='ocrx_word' id='word_1_2' title='bbox 588 1623 615 1684; x_wconf 91' lang='lat'>1.</span> 
     </span>
    </p>
   </div>
   <div class='ocr_carea' id='block_1_2' title="bbox 490 1732 666 1790">
    <p class='ocr_par' dir='ltr' id='par_1_2' title="bbox 490 1732 666 1790">
     <span class='ocr_line' id='line_1_2' title="bbox 490 1732 666 1790; baseline 0.011 -3"><span class='ocrx_word' id='word_1_3' title='bbox 490 1732 666 1790; x_wconf 85' lang='lat' dir='ltr'>introductio.</span> 
     </span>
    </p>
   </div>
   <div class='ocr_carea' id='block_1_3' title="bbox 51 1849 1103 4089">
    <p class='ocr_par' dir='ltr' id='par_1_3' title="bbox 51 1849 1103 4089">
     <span class='ocr_line' id='line_1_3' title="bbox 53 1849 1101 1974; baseline 0 -23"><span class='ocrx_word' id='word_1_4' title='bbox 53 1849 278 1972; x_wconf 76' lang='lat' dir='ltr'><strong>Eloquentiae</strong></span> <span class='ocrx_word' id='word_1_5' title='bbox 298 1889 425 1954; x_wconf 78' lang='lat' dir='ltr'><strong>Latinae</strong></span> <span class='ocrx_word' id='word_1_6' title='bbox 445 1891 583 1974; x_wconf 87' lang='lat' dir='ltr'>princeps</span> <span class='ocrx_word' id='word_1_7' title='bbox 609 1891 729 1955; x_wconf 89' lang='lat' dir='ltr'>multum</span> <span class='ocrx_word' id='word_1_8' title='bbox 756 1892 787 1954; x_wconf 95' lang='lat' dir='ltr'>in</span> <span class='ocrx_word' id='word_1_9' title='bbox 808 1908 846 1953; x_wconf 87' lang='lat' dir='ltr'>ea</span> <span class='ocrx_word' id='word_1_10' title='bbox 866 1889 1012 1954; x_wconf 87' lang='lat' dir='ltr'>sententia</span> <span class='ocrx_word' id='word_1_11' title='bbox 1037 1896 1101 1952; x_wconf 91' lang='lat' dir='ltr'>tra·</span> 
     </span>
     <span class='ocr_line' id='line_1_4' title="bbox 53 1990 1102 2072; baseline 0.001 -21"><span class='ocrx_word' id='word_1_12' title='bbox 53 1990 158 2054; x_wconf 86' lang='lat' dir='ltr'>etanda</span> <span class='ocrx_word' id='word_1_13' title='bbox 179 1997 315 2055; x_wconf 83' lang='lat' dir='ltr'>uersatus</span> <span class='ocrx_word' id='word_1_14' title='bbox 337 1999 395 2068; x_wconf 86' lang='lat' dir='ltr'>est,</span> <span class='ocrx_word' id='word_1_15' title='bbox 416 1998 449 2054; x_wconf 89' lang='lat' dir='ltr'>nt</span> <span class='ocrx_word' id='word_1_16' title='bbox 470 1992 637 2055; x_wconf 73' lang='lat' dir='ltr'>ostenderet</span> <span class='ocrx_word' id='word_1_17' title='bbox 658 2011 746 2072; x_wconf 64' lang='lat' dir='ltr'>pann</span> <span class='ocrx_word' id='word_1_18' title='bbox 764 2009 781 2054; x_wconf 92' lang='lat' dir='ltr'>e</span> <span class='ocrx_word' id='word_1_19' title='bbox 802 1993 933 2054; x_wconf 86' lang='lat' dir='ltr'>moribus</span> <span class='ocrx_word' id='word_1_20' title='bbox 954 1990 1102 2054; x_wconf 85' lang='lat' dir='ltr'>lominum</span> 
     </span>
     <span class='ocr_line' id='line_1_5' title="bbox 51 2089 1103 2176; baseline -0.001 -24"><span class='ocrx_word' id='word_1_21' title='bbox 51 2091 191 2154; x_wconf 87' lang='lat' dir='ltr'>institutis</span> <span class='ocrx_word' id='word_1_22' title='bbox 208 2092 357 2157; x_wconf 83' lang='lat' dir='ltr'>ciuitatum</span> <span class='ocrx_word' id='word_1_23' title='bbox 372 2091 500 2173; x_wconf 82' lang='lat' dir='ltr'>profluat</span> <span class='ocrx_word' id='word_1_24' title='bbox 512 2091 670 2172; x_wconf 88' lang='lat' dir='ltr'>eloquendi</span> <span class='ocrx_word' id='word_1_25' title='bbox 686 2111 735 2154; x_wconf 88' lang='lat' dir='ltr'>ars</span> <span class='ocrx_word' id='word_1_26' title='bbox 753 2099 951 2176; x_wconf 90' lang='lat' dir='ltr'>quantumque</span> <span class='ocrx_word' id='word_1_27' title='bbox 966 2089 1005 2152; x_wconf 90' lang='lat' dir='ltr'>ad</span> <span class='ocrx_word' id='word_1_28' title='bbox 1020 2091 1103 2172; x_wconf 85' lang='lat' dir='ltr'>ipsas</span> 
     </span>
     <span class='ocr_line' id='line_1_6' title="bbox 52 2187 1102 2274; baseline 0 -20"><span class='ocrx_word' id='word_1_29' title='bbox 52 2194 186 2256; x_wconf 80' lang='lat' dir='ltr'>ciuitates</span> <span class='ocrx_word' id='word_1_30' title='bbox 202 2193 320 2274; x_wconf 81' lang='lat' dir='ltr'>legibus</span> <span class='ocrx_word' id='word_1_31' title='bbox 341 2187 499 2256; x_wconf 68' lang='lat' dir='ltr'>‘inmundas</span> <span class='ocrx_word' id='word_1_32' title='bbox 521 2193 686 2258; x_wconf 89' lang='lat' dir='ltr'>contulerit.</span> <span class='ocrx_word' id='word_1_33' title='bbox 719 2189 881 2256; x_wconf 79' lang='lat' dir='ltr'>Fatendum</span> <span class='ocrx_word' id='word_1_34' title='bbox 897 2201 942 2256; x_wconf 89' lang='lat' dir='ltr'>est</span> <span class='ocrx_word' id='word_1_35' title='bbox 963 2207 1035 2254; x_wconf 88' lang='lat' dir='ltr'>sane</span> <span class='ocrx_word' id='word_1_36' title='bbox 1056 2191 1102 2254; x_wconf 88' lang='lat' dir='ltr'>in·</span> 
     </span>
     <span class='ocr_line' id='line_1_7' title="bbox 52 2291 1102 2372; baseline -0.001 -17"><span class='ocrx_word' id='word_1_37' title='bbox 52 2294 135 2356; x_wconf 88' lang='lat' dir='ltr'>situm</span> <span class='ocrx_word' id='word_1_38' title='bbox 167 2311 232 2356; x_wconf 87' lang='lat' dir='ltr'>esse</span> <span class='ocrx_word' id='word_1_39' title='bbox 258 2301 382 2357; x_wconf 91' lang='lat' dir='ltr'>naturae</span> <span class='ocrx_word' id='word_1_40' title='bbox 409 2296 568 2372; x_wconf 79' lang='lat' dir='ltr'>humanae,</span> <span class='ocrx_word' id='word_1_41' title='bbox 596 2301 629 2357; x_wconf 90' lang='lat' dir='ltr'>ut</span> <span class='ocrx_word' id='word_1_42' title='bbox 655 2294 795 2370; x_wconf 90' lang='lat' dir='ltr'>omniurn,</span> <span class='ocrx_word' id='word_1_43' title='bbox 822 2295 866 2358; x_wconf 91' lang='lat' dir='ltr'>ita</span> <span class='ocrx_word' id='word_1_44' title='bbox 892 2291 1008 2358; x_wconf 91' lang='lat' dir='ltr'>dicendi</span> <span class='ocrx_word' id='word_1_45' title='bbox 1029 2291 1102 2356; x_wconf 86' lang='lat' dir='ltr'>artis</span> 
     </span>
     <span class='ocr_line' id='line_1_8' title="bbox 53 2394 1102 2478; baseline 0 -23"><span class='ocrx_word' id='word_1_46' title='bbox 53 2394 234 2458; x_wconf 82' lang='lat' dir='ltr'>excolendae</span> <span class='ocrx_word' id='word_1_47' title='bbox 255 2395 389 2459; x_wconf 91' lang='lat' dir='ltr'>studium.</span> <span class='ocrx_word' id='word_1_48' title='bbox 423 2395 498 2458; x_wconf 89' lang='lat' dir='ltr'>Nam</span> <span class='ocrx_word' id='word_1_49' title='bbox 520 2395 591 2478; x_wconf 91' lang='lat' dir='ltr'>quid</span> <span class='ocrx_word' id='word_1_50' title='bbox 606 2397 706 2460; x_wconf 79' lang='lat' dir='ltr'>uerbis</span> <span class='ocrx_word' id='word_1_51' title='bbox 724 2414 812 2478; x_wconf 87' lang='lat' dir='ltr'>opus,</span> <span class='ocrx_word' id='word_1_52' title='bbox 832 2402 865 2457; x_wconf 89' lang='lat' dir='ltr'>ut</span> <span class='ocrx_word' id='word_1_53' title='bbox 887 2395 1102 2458; x_wconf 89' lang='lat' dir='ltr'>demonstretur</span> 
     </span>
     <span class='ocr_line' id='line_1_9' title="bbox 51 2495 1102 2578; baseline -0.002 -21"><span class='ocrx_word' id='word_1_54' title='bbox 51 2495 131 2558; x_wconf 88' lang='lat' dir='ltr'>nulla</span> <span class='ocrx_word' id='word_1_55' title='bbox 159 2513 195 2558; x_wconf 91' lang='lat' dir='ltr'>re</span> <span class='ocrx_word' id='word_1_56' title='bbox 221 2496 332 2576; x_wconf 80' lang='lat' dir='ltr'>magis,</span> <span class='ocrx_word' id='word_1_57' title='bbox 365 2515 452 2578; x_wconf 86' lang='lat' dir='ltr'>qnam</span> <span class='ocrx_word' id='word_1_58' title='bbox 477 2498 593 2560; x_wconf 88' lang='lat' dir='ltr'>ratione</span> <span class='ocrx_word' id='word_1_59' title='bbox 620 2504 650 2558; x_wconf 90' lang='lat' dir='ltr'>et</span> <span class='ocrx_word' id='word_1_60' title='bbox 681 2497 815 2560; x_wconf 87' lang='lat' dir='ltr'>oratione</span> <span class='ocrx_word' id='word_1_61' title='bbox 844 2496 976 2559; x_wconf 88' lang='lat' dir='ltr'>homines</span> <span class='ocrx_word' id='word_1_62' title='bbox 1002 2513 1022 2556; x_wconf 88' lang='lat' dir='ltr'>a</span> <span class='ocrx_word' id='word_1_63' title='bbox 1047 2501 1102 2576; x_wconf 85' lang='lat' dir='ltr'>pe·</span> 
     </span>
     <span class='ocr_line' id='line_1_10' title="bbox 53 2594 1102 2680; baseline 0 -23"><span class='ocrx_word' id='word_1_64' title='bbox 53 2595 175 2659; x_wconf 85' lang='lat' dir='ltr'>cudibus</span> <span class='ocrx_word' id='word_1_65' title='bbox 202 2599 385 2677; x_wconf 79' lang='lat' dir='ltr'>segregari?</span> <span class='ocrx_word' id='word_1_66' title='bbox 427 2598 488 2661; x_wconf 89' lang='lat' dir='ltr'>Nec</span> <span class='ocrx_word' id='word_1_67' title='bbox 514 2597 649 2680; x_wconf 86' lang='lat' dir='ltr'>prolecto</span> <span class='ocrx_word' id='word_1_68' title='bbox 679 2615 729 2660; x_wconf 88' lang='lat' dir='ltr'>ars</span> <span class='ocrx_word' id='word_1_69' title='bbox 756 2604 801 2660; x_wconf 88' lang='lat' dir='ltr'>est</span> <span class='ocrx_word' id='word_1_70' title='bbox 827 2597 906 2672; x_wconf 89' lang='lat' dir='ltr'>ulla,</span> <span class='ocrx_word' id='word_1_71' title='bbox 934 2613 1011 2678; x_wconf 82' lang='lat' dir='ltr'>qnae</span> <span class='ocrx_word' id='word_1_72' title='bbox 1037 2594 1102 2658; x_wconf 85' lang='lat' dir='ltr'>elu-</span> 
     </span>
     <span class='ocr_line' id='line_1_11' title="bbox 53 2683 1100 2779; baseline -0.002 -19"><span class='ocrx_word' id='word_1_73' title='bbox 53 2699 174 2777; x_wconf 84' lang='lat' dir='ltr'>quentia</span> <span class='ocrx_word' id='word_1_74' title='bbox 201 2699 348 2779; x_wconf 87' lang='lat' dir='ltr'>potentius</span> <span class='ocrx_word' id='word_1_75' title='bbox 369 2700 469 2762; x_wconf 82' lang='lat' dir='ltr'>ualeat</span> <span class='ocrx_word' id='word_1_76' title='bbox 491 2699 530 2762; x_wconf 87' lang='lat' dir='ltr'>ed</span> <span class='ocrx_word' id='word_1_77' title='bbox 550 2700 629 2762; x_wconf 81' lang='lat' dir='ltr'>uires</span> <span class='ocrx_word' id='word_1_78' title='bbox 650 2699 794 2761; x_wconf 88' lang='lat' dir='ltr'>humanae</span> <span class='ocrx_word' id='word_1_79' title='bbox 815 2707 940 2762; x_wconf 86' lang='lat' dir='ltr'>naturae</span> <span class='ocrx_word' id='word_1_80' title='bbox 962 2683 1100 2778; x_wconf 83' lang='lat' dir='ltr'>aperien-</span> 
     </span>
     <span class='ocr_line' id='line_1_12' title="bbox 52 2797 1101 2880; baseline -0.001 -21"><span class='ocrx_word' id='word_1_81' title='bbox 52 2797 102 2860; x_wconf 88' lang='lat' dir='ltr'>das</span> <span class='ocrx_word' id='word_1_82' title='bbox 126 2805 157 2860; x_wconf 88' lang='lat' dir='ltr'>et</span> <span class='ocrx_word' id='word_1_83' title='bbox 179 2797 364 2862; x_wconf 86' lang='lat' dir='ltr'>erudiendas.</span> <span class='ocrx_word' id='word_1_84' title='bbox 403 2799 469 2878; x_wconf 82' lang='lat' dir='ltr'>Qua</span> <span class='ocrx_word' id='word_1_85' title='bbox 489 2817 524 2861; x_wconf 88' lang='lat' dir='ltr'>rc</span> <span class='ocrx_word' id='word_1_86' title='bbox 544 2801 604 2862; x_wconf 83' lang='lat' dir='ltr'>iana</span> <span class='ocrx_word' id='word_1_87' title='bbox 626 2800 829 2880; x_wconf 90' lang='lat' dir='ltr'>antiquissima</span> <span class='ocrx_word' id='word_1_88' title='bbox 851 2805 948 2860; x_wconf 89' lang='lat' dir='ltr'>aetate</span> <span class='ocrx_word' id='word_1_89' title='bbox 968 2799 1101 2860; x_wconf 88' lang='lat' dir='ltr'>lromiues</span> 
     </span>
     <span class='ocr_line' id='line_1_13' title="bbox 51 2898 1102 2980; baseline -0.002 -20"><span class='ocrx_word' id='word_1_90' title='bbox 51 2899 169 2961; x_wconf 87' lang='lat' dir='ltr'>minime</span> <span class='ocrx_word' id='word_1_91' title='bbox 186 2899 280 2962; x_wconf 90' lang='lat' dir='ltr'>cultos</span> <span class='ocrx_word' id='word_1_92' title='bbox 301 2899 333 2960; x_wconf 91' lang='lat' dir='ltr'>in</span> <span class='ocrx_word' id='word_1_93' title='bbox 350 2917 386 2961; x_wconf 89' lang='lat' dir='ltr'>ea</span> <span class='ocrx_word' id='word_1_94' title='bbox 401 2917 436 2962; x_wconf 90' lang='lat' dir='ltr'>re</span> <span class='ocrx_word' id='word_1_95' title='bbox 455 2899 573 2961; x_wconf 90' lang='lat' dir='ltr'>laudem</span> <span class='ocrx_word' id='word_1_96' title='bbox 593 2900 729 2980; x_wconf 83' lang='lat' dir='ltr'>posuisse</span> <span class='ocrx_word' id='word_1_97' title='bbox 750 2899 955 2976; x_wconf 83' lang='lat' dir='ltr'>intelligimus,</span> <span class='ocrx_word' id='word_1_98' title='bbox 977 2905 1009 2958; x_wconf 90' lang='lat' dir='ltr'>ut</span> <span class='ocrx_word' id='word_1_99' title='bbox 1025 2898 1102 2958; x_wconf 91' lang='lat' dir='ltr'>inter</span> 
     </span>
     <span class='ocr_line' id='line_1_14' title="bbox 51 2995 1101 3082; baseline -0.005 -19"><span class='ocrx_word' id='word_1_100' title='bbox 51 2999 214 3082; x_wconf 82' lang='lat' dir='ltr'>populares</span> <span class='ocrx_word' id='word_1_101' title='bbox 237 3015 306 3059; x_wconf 92' lang='lat' dir='ltr'>suos</span> <span class='ocrx_word' id='word_1_102' title='bbox 327 2997 467 3059; x_wconf 83' lang='lat' dir='ltr'>facundia</span> <span class='ocrx_word' id='word_1_103' title='bbox 489 2998 685 3071; x_wconf 83' lang='lat' dir='ltr'>excellerent3</span> <span class='ocrx_word' id='word_1_104' title='bbox 708 3015 785 3078; x_wconf 90' lang='lat' dir='ltr'>quae</span> <span class='ocrx_word' id='word_1_105' title='bbox 805 3005 838 3058; x_wconf 90' lang='lat' dir='ltr'>nt</span> <span class='ocrx_word' id='word_1_106' title='bbox 860 2997 898 3059; x_wconf 86' lang='lat' dir='ltr'>ab</span> <span class='ocrx_word' id='word_1_107' title='bbox 921 3003 985 3058; x_wconf 91' lang='lat' dir='ltr'>arte</span> <span class='ocrx_word' id='word_1_108' title='bbox 1006 2995 1101 3077; x_wconf 88' lang='lat' dir='ltr'>pluri·</span> 
     </span>
     <span class='ocr_line' id='line_1_15' title="bbox 51 3097 1100 3178; baseline 0.001 -17"><span class='ocrx_word' id='word_1_109' title='bbox 51 3119 127 3163; x_wconf 90' lang='lat' dir='ltr'>mum</span> <span class='ocrx_word' id='word_1_110' title='bbox 148 3097 248 3172; x_wconf 90' lang='lat' dir='ltr'>distet,</span> <span class='ocrx_word' id='word_1_111' title='bbox 269 3104 366 3160; x_wconf 88' lang='lat' dir='ltr'>tannen</span> <span class='ocrx_word' id='word_1_112' title='bbox 381 3098 493 3160; x_wconf 88' lang='lat' dir='ltr'>semina</span> <span class='ocrx_word' id='word_1_113' title='bbox 514 3097 577 3158; x_wconf 88' lang='lat' dir='ltr'>eins</span> <span class='ocrx_word' id='word_1_114' title='bbox 600 3106 629 3162; x_wconf 88' lang='lat' dir='ltr'>et</span> <span class='ocrx_word' id='word_1_115' title='bbox 644 3115 750 3160; x_wconf 82' lang='lat' dir='ltr'>causas</span> <span class='ocrx_word' id='word_1_116' title='bbox 772 3114 871 3160; x_wconf 89' lang='lat' dir='ltr'>omnes</span> <span class='ocrx_word' id='word_1_117' title='bbox 889 3097 1100 3178; x_wconf 85' lang='lat' dir='ltr'>complectitur.</span> 
     </span>
     <span class='ocr_line' id='line_1_16' title="bbox 52 3197 1101 3282; baseline -0.004 -18"><span class='ocrx_word' id='word_1_118' title='bbox 52 3200 129 3278; x_wconf 76' lang='lat' dir='ltr'>Quid</span> <span class='ocrx_word' id='word_1_119' title='bbox 145 3199 251 3261; x_wconf 91' lang='lat' dir='ltr'>mirum</span> <span class='ocrx_word' id='word_1_120' title='bbox 265 3198 372 3277; x_wconf 79' lang='lat' dir='ltr'>igitur,</span> <span class='ocrx_word' id='word_1_121' title='bbox 395 3199 474 3280; x_wconf 92' lang='lat' dir='ltr'>quod</span> <span class='ocrx_word' id='word_1_122' title='bbox 494 3198 574 3280; x_wconf 90' lang='lat' dir='ltr'>apud</span> <span class='ocrx_word' id='word_1_123' title='bbox 591 3201 721 3264; x_wconf 84' lang='lat' dir='ltr'>Graecos</span> <span class='ocrx_word' id='word_1_124' title='bbox 737 3199 919 3282; x_wconf 88' lang='lat' dir='ltr'>potissimum</span> <span class='ocrx_word' id='word_1_125' title='bbox 935 3197 1101 3278; x_wconf 83' lang='lat' dir='ltr'>elegantio-</span> 
     </span>
     <span class='ocr_line' id='line_1_17' title="bbox 51 3299 1102 3384; baseline -0.001 -20"><span class='ocrx_word' id='word_1_126' title='bbox 51 3303 90 3364; x_wconf 89' lang='lat' dir='ltr'>ris</span> <span class='ocrx_word' id='word_1_127' title='bbox 111 3300 302 3364; x_wconf 84' lang='lat' dir='ltr'>humanitatis</span> <span class='ocrx_word' id='word_1_128' title='bbox 326 3307 461 3363; x_wconf 87' lang='lat' dir='ltr'>auctores</span> <span class='ocrx_word' id='word_1_129' title='bbox 484 3307 513 3362; x_wconf 90' lang='lat' dir='ltr'>et</span> <span class='ocrx_word' id='word_1_130' title='bbox 529 3301 672 3378; x_wconf 89' lang='lat' dir='ltr'>cultores,</span> <span class='ocrx_word' id='word_1_131' title='bbox 695 3319 760 3364; x_wconf 90' lang='lat' dir='ltr'>cum</span> <span class='ocrx_word' id='word_1_132' title='bbox 775 3301 900 3384; x_wconf 90' lang='lat' dir='ltr'>primum</span> <span class='ocrx_word' id='word_1_133' title='bbox 922 3317 938 3362; x_wconf 92' lang='lat' dir='ltr'>e</span> <span class='ocrx_word' id='word_1_134' title='bbox 959 3299 1102 3363; x_wconf 87' lang='lat' dir='ltr'>barbarie</span> 
     </span>
     <span class='ocr_line' id='line_1_18' title="bbox 53 3401 1100 3484; baseline -0.002 -20"><span class='ocrx_word' id='word_1_135' title='bbox 53 3403 239 3464; x_wconf 89' lang='lat' dir='ltr'>emersissent</span> <span class='ocrx_word' id='word_1_136' title='bbox 260 3401 465 3484; x_wconf 76' lang='lat' dir='ltr'>civitatumque</span> <span class='ocrx_word' id='word_1_137' title='bbox 485 3401 675 3466; x_wconf 82' lang='lat' dir='ltr'>fundamenta</span> <span class='ocrx_word' id='word_1_138' title='bbox 695 3403 848 3479; x_wconf 88' lang='lat' dir='ltr'>iecissent,</span> <span class='ocrx_word' id='word_1_139' title='bbox 870 3419 986 3464; x_wconf 89' lang='lat' dir='ltr'>sensnm</span> <span class='ocrx_word' id='word_1_140' title='bbox 1007 3419 1100 3482; x_wconf 91' lang='lat' dir='ltr'>quen-</span> 
     </span>
     <span class='ocr_line' id='line_1_19' title="bbox 54 3499 1101 3586; baseline 0.002 -24"><span class='ocrx_word' id='word_1_141' title='bbox 54 3500 119 3564; x_wconf 86' lang='lat' dir='ltr'>dam</span> <span class='ocrx_word' id='word_1_142' title='bbox 141 3509 170 3564; x_wconf 87' lang='lat' dir='ltr'>ct</span> <span class='ocrx_word' id='word_1_143' title='bbox 190 3502 277 3584; x_wconf 89' lang='lat' dir='ltr'>qnasi</span> <span class='ocrx_word' id='word_1_144' title='bbox 303 3510 420 3581; x_wconf 77' lang='lat' dir='ltr'>gustum</span> <span class='ocrx_word' id='word_1_145' title='bbox 445 3503 603 3586; x_wconf 90' lang='lat' dir='ltr'>eloquendi</span> <span class='ocrx_word' id='word_1_146' title='bbox 628 3511 657 3566; x_wconf 90' lang='lat' dir='ltr'>et</span> <span class='ocrx_word' id='word_1_147' title='bbox 678 3510 773 3565; x_wconf 89' lang='lat' dir='ltr'>ortum</span> <span class='ocrx_word' id='word_1_148' title='bbox 795 3509 824 3564; x_wconf 92' lang='lat' dir='ltr'>et</span> <span class='ocrx_word' id='word_1_149' title='bbox 849 3500 991 3583; x_wconf 86' lang='lat' dir='ltr'>populari</span> <span class='ocrx_word' id='word_1_150' title='bbox 1011 3499 1101 3564; x_wconf 89' lang='lat' dir='ltr'>laude</span> 
     </span>
     <span class='ocr_line' id='line_1_20' title="bbox 55 3601 1100 3684; baseline 0.001 -21"><span class='ocrx_word' id='word_1_151' title='bbox 55 3602 159 3664; x_wconf 86' lang='lat' dir='ltr'>elatum</span> <span class='ocrx_word' id='word_1_152' title='bbox 179 3603 337 3667; x_wconf 77' lang='lat' dir='ltr'>uidemus?</span> <span class='ocrx_word' id='word_1_153' title='bbox 380 3602 448 3667; x_wconf 90' lang='lat' dir='ltr'>Iure</span> <span class='ocrx_word' id='word_1_154' title='bbox 475 3606 551 3668; x_wconf 89' lang='lat' dir='ltr'>eninr</span> <span class='ocrx_word' id='word_1_155' title='bbox 571 3603 711 3668; x_wconf 88' lang='lat' dir='ltr'>laudatur</span> <span class='ocrx_word' id='word_1_156' title='bbox 731 3603 892 3678; x_wconf 87' lang='lat' dir='ltr'>Homerus,</span> <span class='ocrx_word' id='word_1_157' title='bbox 921 3602 972 3684; x_wconf 91' lang='lat' dir='ltr'>qui</span> <span class='ocrx_word' id='word_1_158' title='bbox 992 3601 1100 3664; x_wconf 89' lang='lat' dir='ltr'>Nesto-</span> 
     </span>
     <span class='ocr_line' id='line_1_21' title="bbox 54 3702 1101 3786; baseline 0 -23"><span class='ocrx_word' id='word_1_159' title='bbox 54 3720 113 3764; x_wconf 88' lang='lat' dir='ltr'>rem</span> <span class='ocrx_word' id='word_1_160' title='bbox 140 3711 168 3766; x_wconf 88' lang='lat' dir='ltr'>et</span> <span class='ocrx_word' id='word_1_161' title='bbox 188 3704 296 3768; x_wconf 86' lang='lat' dir='ltr'>Ulixen</span> <span class='ocrx_word' id='word_1_162' title='bbox 322 3712 444 3786; x_wconf 84' lang='lat' dir='ltr'>propter</span> <span class='ocrx_word' id='word_1_163' title='bbox 470 3705 638 3768; x_wconf 82' lang='lat' dir='ltr'>facundiam</span> <span class='ocrx_word' id='word_1_164' title='bbox 666 3706 698 3767; x_wconf 90' lang='lat' dir='ltr'>in</span> <span class='ocrx_word' id='word_1_165' title='bbox 723 3705 836 3767; x_wconf 88' lang='lat' dir='ltr'>honore</span> <span class='ocrx_word' id='word_1_166' title='bbox 862 3703 956 3766; x_wconf 87' lang='lat' dir='ltr'>luisse</span> <span class='ocrx_word' id='word_1_167' title='bbox 977 3702 1101 3780; x_wconf 65' lang='lat' dir='ltr'>dixeritr</span> 
     </span>
     <span class='ocr_line' id='line_1_22' title="bbox 54 3803 1099 3886; baseline 0 -22"><span class='ocrx_word' id='word_1_168' title='bbox 54 3820 105 3865; x_wconf 93' lang='lat' dir='ltr'>nec</span> <span class='ocrx_word' id='word_1_169' title='bbox 128 3805 183 3866; x_wconf 91' lang='lat' dir='ltr'>erit</span> <span class='ocrx_word' id='word_1_170' title='bbox 204 3805 255 3886; x_wconf 91' lang='lat' dir='ltr'>qui</span> <span class='ocrx_word' id='word_1_171' title='bbox 277 3823 342 3867; x_wconf 89' lang='lat' dir='ltr'>cnm</span> <span class='ocrx_word' id='word_1_172' title='bbox 357 3805 538 3884; x_wconf 80' lang='lat' dir='ltr'>Quintiliano</span> <span class='ocrx_word' id='word_1_173' title='bbox 561 3805 729 3881; x_wconf 89' lang='lat' dir='ltr'>dissentiat,</span> <span class='ocrx_word' id='word_1_174' title='bbox 752 3824 815 3868; x_wconf 89' lang='lat' dir='ltr'>enm</span> <span class='ocrx_word' id='word_1_175' title='bbox 835 3803 962 3866; x_wconf 90' lang='lat' dir='ltr'>omnium</span> <span class='ocrx_word' id='word_1_176' title='bbox 983 3803 1099 3866; x_wconf 89' lang='lat' dir='ltr'>dicendi</span> 
     </span>
     <span class='ocr_line' id='line_1_23' title="bbox 54 3903 1100 3990; baseline -0.003 -25"><span class='ocrx_word' id='word_1_177' title='bbox 54 3920 191 3980; x_wconf 81' lang='lat' dir='ltr'>genarum</span> <span class='ocrx_word' id='word_1_178' title='bbox 218 3906 353 3988; x_wconf 86' lang='lat' dir='ltr'>exempla</span> <span class='ocrx_word' id='word_1_179' title='bbox 381 3907 636 3990; x_wconf 88' lang='lat' dir='ltr'>praestantissima</span> <span class='ocrx_word' id='word_1_180' title='bbox 662 3908 701 3968; x_wconf 89' lang='lat' dir='ltr'>ab</span> <span class='ocrx_word' id='word_1_181' title='bbox 722 3907 850 3968; x_wconf 89' lang='lat' dir='ltr'>llomero</span> <span class='ocrx_word' id='word_1_182' title='bbox 876 3903 1012 3986; x_wconf 85' lang='lat' dir='ltr'>proiecta</span> <span class='ocrx_word' id='word_1_183' title='bbox 1034 3919 1100 3964; x_wconf 89' lang='lat' dir='ltr'>esse</span> 
     </span>
     <span class='ocr_line' id='line_1_24' title="bbox 55 4000 1100 4089; baseline -0.001 -25"><span class='ocrx_word' id='word_1_184' title='bbox 55 4000 164 4084; x_wconf 89' lang='lat' dir='ltr'>ait(¹).</span> <span class='ocrx_word' id='word_1_185' title='bbox 195 4005 256 4071; x_wconf 90' lang='lat' dir='ltr'>Sed</span> <span class='ocrx_word' id='word_1_186' title='bbox 276 4007 354 4071; x_wconf 88' lang='lat' dir='ltr'>insto</span> <span class='ocrx_word' id='word_1_187' title='bbox 372 4007 464 4089; x_wconf 91' lang='lat' dir='ltr'>plura</span> <span class='ocrx_word' id='word_1_188' title='bbox 486 4017 514 4070; x_wconf 88' lang='lat' dir='ltr'>et</span> <span class='ocrx_word' id='word_1_189' title='bbox 535 4006 682 4089; x_wconf 88' lang='lat' dir='ltr'>ampliora</span> <span class='ocrx_word' id='word_1_190' title='bbox 702 4007 747 4070; x_wconf 89' lang='grc' dir='ltr'>Μ.</span> <span class='ocrx_word' id='word_1_191' title='bbox 769 4003 887 4066; x_wconf 85' lang='lat' dir='ltr'>Tullius</span> <span class='ocrx_word' id='word_1_192' title='bbox 910 4004 969 4065; x_wconf 90' lang='lat' dir='ltr'>arti</span> <span class='ocrx_word' id='word_1_193' title='bbox 989 4002 1100 4077; x_wconf 89' lang='lat' dir='ltr'>tribuit,</span> 
     </span>
    </p>
   </div>
   <div class='ocr_carea' id='block_1_4' title="bbox 56 4161 261 4180">
    <p class='ocr_par' dir='ltr' id='par_1_4' title="bbox 56 4161 261 4180">
     <span class='ocr_line' id='line_1_25' title="bbox 56 4161 261 4180; baseline 0 -2"><span class='ocrx_word' id='word_1_194' title='bbox 56 4161 261 4180; x_wconf 54' lang='lat'>⁸*-</span> 
     </span>
    </p>
   </div>
   <div class='ocr_carea' id='block_1_5' title="bbox 124 4215 566 4327">
    <p class='ocr_par' dir='ltr' id='par_1_5' title="bbox 124 4215 566 4327">
     <span class='ocr_line' id='line_1_26' title="bbox 124 4215 566 4327; baseline 0.027 -23"><span class='ocrx_word' id='word_1_195' title='bbox 124 4251 149 4319; x_wconf 87' lang='lat' dir='ltr'>l)</span> <span class='ocrx_word' id='word_1_196' title='bbox 165 4215 281 4312; x_wconf 46' lang='lat' dir='ltr'>brnintil.</span> <span class='ocrx_word' id='word_1_197' title='bbox 300 4255 334 4310; x_wconf 89' lang='lat' dir='ltr'>X.</span> <span class='ocrx_word' id='word_1_198' title='bbox 354 4255 384 4323; x_wconf 92' lang='lat' dir='ltr'>l,</span> <span class='ocrx_word' id='word_1_199' title='bbox 402 4258 437 4310; x_wconf 77' lang='lat'>46</span> <span class='ocrx_word' id='word_1_200' title='bbox 454 4272 512 4325; x_wconf 75' lang='lat' dir='ltr'>sqq.</span> <span class='ocrx_word' id='word_1_201' title='bbox 563 4319 566 4327; x_wconf 66' lang='grc'>,</span> 
     </span>
    </p>
   </div>
   <div class='ocr_carea' id='block_1_6' title="bbox 852 4351 895 4413">
    <p class='ocr_par' dir='ltr' id='par_1_6' title="bbox 852 4351 895 4413">
     <span class='ocr_line' id='line_1_27' title="bbox 852 4351 895 4413; baseline 0 -27"><span class='ocrx_word' id='word_1_202' title='bbox 852 4351 895 4413; x_wconf 74' lang='lat' dir='ltr'>l*</span> 
     </span>
    </p>
   </div>
   <div class='ocr_carea' id='block_1_7' title="bbox 0 0 1342 4774">
    <p class='ocr_par' dir='ltr' id='par_1_7' title="bbox 0 0 1342 4774">
     <span class='ocr_line' id='line_1_28' title="bbox 0 0 1342 4774; baseline 0 0"><span class='ocrx_word' id='word_1_203' title='bbox 0 0 1342 4774; x_wconf 95' lang='lat' dir='ltr'> </span> 
     </span>
    </p>
   </div>
  </div>
 </body>
</html>
