<?xml version="1.0" encoding="UTF-8"?>
<!DOCTYPE html PUBLIC "-//W3C//DTD XHTML 1.0 Transitional//EN"
    "http://www.w3.org/TR/xhtml1/DTD/xhtml1-transitional.dtd">
<html xmlns="http://www.w3.org/1999/xhtml" xml:lang="en" lang="en">
 <head>
  <title>
</title>
<meta http-equiv="Content-Type" content="text/html;charset=utf-8" />
  <meta name='ocr-system' content='tesseract 3.04.00' />
  <meta name='ocr-capabilities' content='ocr_page ocr_carea ocr_par ocr_line ocrx_word'/>
</head>
<body>
  <div class='ocr_page' id='page_1' title='image "./brutussivedecla00cicegoog/brutussivedecla00cicegoog_0285.png"; bbox 0 0 2640 4780; ppageno 0'>
   <div class='ocr_carea' id='block_1_1' title="bbox 325 345 1081 481">
    <p class='ocr_par' dir='ltr' id='par_1_1' title="bbox 325 345 1081 481">
     <span class='ocr_line' id='line_1_1' title="bbox 325 345 1081 481; baseline 0.012 -11"><span class='ocrx_word' id='word_1_1' title='bbox 325 399 712 476; x_wconf 74' lang='lat' dir='ltr'><strong>oppressores.</strong></span> <span class='ocrx_word' id='word_1_2' title='bbox 736 404 788 473; x_wconf 89' lang='lat' dir='ltr'><strong>oe.</strong></span> <span class='ocrx_word' id='word_1_3' title='bbox 832 345 835 350; x_wconf 11' lang='grc' dir='ltr'><strong>Δ</strong></span> <span class='ocrx_word' id='word_1_4' title='bbox 882 473 885 481; x_wconf 85' lang='grc'><strong>,</strong></span> <span class='ocrx_word' id='word_1_5' title='bbox 983 403 1081 478; x_wconf 80' lang='lat' dir='ltr'><strong>aar</strong></span> 
     </span>
    </p>
   </div>
   <div class='ocr_carea' id='block_1_2' title="bbox 10 572 1090 1850">
    <p class='ocr_par' dir='ltr' id='par_1_2' title="bbox 10 572 1090 1850">
     <span class='ocr_line' id='line_1_2' title="bbox 47 572 1081 653; baseline 0.005 -17"><span class='ocrx_word' id='word_1_6' title='bbox 47 587 111 638; x_wconf 84' lang='lat' dir='ltr'><strong>esse</strong></span> <span class='ocrx_word' id='word_1_7' title='bbox 130 577 303 638; x_wconf 80' lang='lat' dir='ltr'><strong>vertmom:</strong></span> <span class='ocrx_word' id='word_1_8' title='bbox 326 572 384 640; x_wconf 88' lang='lat' dir='ltr'><strong>sed</strong></span> <span class='ocrx_word' id='word_1_9' title='bbox 403 573 449 640; x_wconf 85' lang='lat' dir='ltr'><strong>ita</strong></span> <span class='ocrx_word' id='word_1_10' title='bbox 471 575 565 642; x_wconf 85' lang='lat' dir='ltr'><strong>traxit</strong></span> <span class='ocrx_word' id='word_1_11' title='bbox 586 574 663 642; x_wconf 87' lang='lat' dir='ltr'><strong>ordo</strong></span> <span class='ocrx_word' id='word_1_12' title='bbox 685 581 821 641; x_wconf 85' lang='lat' dir='ltr'><strong>aetatum</strong></span> <span class='ocrx_word' id='word_1_13' title='bbox 838 573 1027 653; x_wconf 85' lang='lat' dir='ltr'><strong>orationem,</strong></span> <span class='ocrx_word' id='word_1_14' title='bbox 1048 583 1081 642; x_wconf 89' lang='lat' dir='ltr'><strong>ut</strong></span> 
     </span>
     <span class='ocr_line' id='line_1_3' title="bbox 47 688 1081 780; baseline 0.005 -27"><span class='ocrx_word' id='word_1_15' title='bbox 47 688 166 754; x_wconf 83' lang='lat' dir='ltr'><strong>iamed</strong></span> <span class='ocrx_word' id='word_1_16' title='bbox 190 689 328 756; x_wconf 83' lang='lat' dir='ltr'><strong>minores</strong></span> <span class='ocrx_word' id='word_1_17' title='bbox 349 692 668 779; x_wconf 81' lang='lat' dir='ltr'><strong>etiam&#39;pervamerim.</strong></span> <span class='ocrx_word' id='word_1_18' title='bbox 711 690 875 780; x_wconf 84' lang='lat' dir='ltr'><strong>interpone</strong></span> <span class='ocrx_word' id='word_1_19' title='bbox 896 693 1006 777; x_wconf 85' lang='lat' dir='ltr'><strong>igitur,</strong></span> <span class='ocrx_word' id='word_1_20' title='bbox 1032 694 1081 758; x_wconf 87' lang='lat' dir='ltr'><strong>irr-</strong></span> 
     </span>
     <span class='ocr_line' id='line_1_4' title="bbox 48 807 1081 894; baseline 0.004 -22"><span class='ocrx_word' id='word_1_21' title='bbox 48 809 117 891; x_wconf 80' lang='lat' dir='ltr'><strong>quit,</strong></span> <span class='ocrx_word' id='word_1_22' title='bbox 139 807 168 874; x_wconf 87' lang='lat' dir='ltr'><strong>si</strong></span> <span class='ocrx_word' id='word_1_23' title='bbox 189 825 269 894; x_wconf 88' lang='lat' dir='ltr'><strong>quos</strong></span> <span class='ocrx_word' id='word_1_24' title='bbox 289 808 426 890; x_wconf 63' lang='lat' dir='ltr'><strong>videtum</strong></span> <span class='ocrx_word' id='word_1_25' title='bbox 448 809 561 877; x_wconf 87' lang='lat' dir='ltr'><strong>deinde</strong></span> <span class='ocrx_word' id='word_1_26' title='bbox 583 811 750 879; x_wconf 73' lang='lat' dir='ltr'>redeamus</span> <span class='ocrx_word' id='word_1_27' title='bbox 772 809 813 876; x_wconf 88' lang='lat' dir='ltr'><strong>ad</strong></span> <span class='ocrx_word' id='word_1_28' title='bbox 833 819 864 876; x_wconf 89' lang='lat' dir='ltr'><strong>te</strong></span> <span class='ocrx_word' id='word_1_29' title='bbox 887 819 917 876; x_wconf 86' lang='lat' dir='ltr'><strong>ct</strong></span> <span class='ocrx_word' id='word_1_30' title='bbox 939 809 980 876; x_wconf 90' lang='lat' dir='ltr'><strong>ad</strong></span> <span class='ocrx_word' id='word_1_31' title='bbox 1000 807 1081 876; x_wconf 89' lang='lat' dir='ltr'><strong>Hor-</strong></span> 
     </span>
     <span class='ocr_line' id='line_1_5' title="bbox 46 922 1080 1030; baseline 0.006 -42"><span class='ocrx_word' id='word_1_32' title='bbox 46 926 178 1030; x_wconf 73' lang='lat' dir='ltr'><strong>tensium.</strong></span> <span class='ocrx_word' id='word_1_33' title='bbox 228 922 324 992; x_wconf 89' lang='lat' dir='ltr'><strong>Immo</strong></span> <span class='ocrx_word' id='word_1_34' title='bbox 349 945 440 1006; x_wconf 88' lang='lat' dir='ltr'><strong>vcro,</strong></span> <span class='ocrx_word' id='word_1_35' title='bbox 471 929 613 1014; x_wconf 87' lang='lat' dir='ltr'><strong>inquam,</strong></span> <span class='ocrx_word' id='word_1_36' title='bbox 648 929 689 996; x_wconf 87' lang='lat' dir='ltr'><strong>ad</strong></span> <span class='ocrx_word' id='word_1_37' title='bbox 718 927 934 1002; x_wconf 72' lang='lat' dir='ltr'><strong>Hortensium</strong></span> <span class='ocrx_word' id='word_1_38' title='bbox 965 927 1004 993; x_wconf 90' lang='lat' dir='ltr'><strong>de</strong></span> <span class='ocrx_word' id='word_1_39' title='bbox 1030 945 1080 994; x_wconf 89' lang='lat' dir='ltr'><strong>me</strong></span> 
     </span>
     <span class='ocr_line' id='line_1_6' title="bbox 47 1041 1082 1132; baseline 0.003 -25"><span class='ocrx_word' id='word_1_40' title='bbox 47 1041 95 1108; x_wconf 89' lang='lat' dir='ltr'><strong>alii</strong></span> <span class='ocrx_word' id='word_1_41' title='bbox 115 1043 233 1122; x_wconf 86' lang='lat' dir='ltr'><strong>dicent,</strong></span> <span class='ocrx_word' id='word_1_42' title='bbox 255 1045 283 1110; x_wconf 91' lang='lat' dir='ltr'><strong>si</strong></span> <span class='ocrx_word' id='word_1_43' title='bbox 305 1045 358 1130; x_wconf 88' lang='lat' dir='ltr'><strong>qui</strong></span> <span class='ocrx_word' id='word_1_44' title='bbox 377 1045 492 1112; x_wconf 82' lang='lat' dir='ltr'><strong>volent.</strong></span> <span class='ocrx_word' id='word_1_45' title='bbox 524 1045 655 1113; x_wconf 86' lang='lat' dir='ltr'><strong>Minime</strong></span> <span class='ocrx_word' id='word_1_46' title='bbox 677 1067 769 1126; x_wconf 86' lang='lat' dir='ltr'><strong>varo,</strong></span> <span class='ocrx_word' id='word_1_47' title='bbox 789 1047 903 1132; x_wconf 87' lang='lat' dir='ltr'><strong>inquit:</strong></span> <span class='ocrx_word' id='word_1_48' title='bbox 925 1065 998 1112; x_wconf 88' lang='lat' dir='ltr'><strong>nam</strong></span> <span class='ocrx_word' id='word_1_49' title='bbox 1021 1047 1082 1112; x_wconf 88' lang='lat' dir='ltr'><strong>etsi</strong></span> 
     </span>
     <span class='ocr_line' id='line_1_7' title="bbox 47 1160 1090 1244; baseline 0.006 -18"><span class='ocrx_word' id='word_1_50' title='bbox 47 1180 88 1226; x_wconf 89' lang='lat' dir='ltr'><strong>mc</strong></span> <span class='ocrx_word' id='word_1_51' title='bbox 108 1160 204 1230; x_wconf 83' lang='lat' dir='ltr'><strong>facile</strong></span> <span class='ocrx_word' id='word_1_52' title='bbox 227 1163 311 1228; x_wconf 84' lang='lat' dir='ltr'><strong>omri</strong></span> <span class='ocrx_word' id='word_1_53' title='bbox 331 1172 384 1230; x_wconf 87' lang='lat' dir='ltr'><strong>tue</strong></span> <span class='ocrx_word' id='word_1_54' title='bbox 407 1183 551 1232; x_wconf 86' lang='lat' dir='ltr'><strong>sermore</strong></span> <span class='ocrx_word' id='word_1_55' title='bbox 572 1167 714 1244; x_wconf 84' lang='lat' dir='ltr'><strong>tenuisti,</strong></span> <span class='ocrx_word' id='word_1_56' title='bbox 740 1175 846 1232; x_wconf 88' lang='lat' dir='ltr'><strong>tamen</strong></span> <span class='ocrx_word' id='word_1_57' title='bbox 866 1166 895 1230; x_wconf 89' lang='lat' dir='ltr'><strong>ie</strong></span> <span class='ocrx_word' id='word_1_58' title='bbox 916 1162 992 1230; x_wconf 90' lang='lat' dir='ltr'><strong>mibi</strong></span> <span class='ocrx_word' id='word_1_59' title='bbox 1011 1163 1090 1232; x_wconf 62' lang='lat' dir='ltr'><strong>los«</strong></span> 
     </span>
     <span class='ocr_line' id='line_1_8' title="bbox 46 1279 1081 1369; baseline 0.004 -27"><span class='ocrx_word' id='word_1_60' title='bbox 46 1280 109 1362; x_wconf 81' lang='lat' dir='ltr'><strong>gior</strong></span> <span class='ocrx_word' id='word_1_61' title='bbox 132 1279 272 1358; x_wconf 82' lang='lat' dir='ltr'><strong>videtur,</strong></span> <span class='ocrx_word' id='word_1_62' title='bbox 303 1280 386 1366; x_wconf 86' lang='lat' dir='ltr'><strong>quod</strong></span> <span class='ocrx_word' id='word_1_63' title='bbox 413 1301 545 1369; x_wconf 89' lang='lat' dir='ltr'><strong>propero</strong></span> <span class='ocrx_word' id='word_1_64' title='bbox 568 1282 677 1350; x_wconf 89' lang='lat' dir='ltr'><strong>audire</strong></span> <span class='ocrx_word' id='word_1_65' title='bbox 699 1282 738 1349; x_wconf 92' lang='lat' dir='ltr'><strong>de</strong></span> <span class='ocrx_word' id='word_1_66' title='bbox 760 1292 808 1360; x_wconf 84' lang='lat' dir='ltr'><strong>te3</strong></span> <span class='ocrx_word' id='word_1_67' title='bbox 840 1301 899 1348; x_wconf 86' lang='lat' dir='ltr'><strong>nec</strong></span> <span class='ocrx_word' id='word_1_68' title='bbox 920 1301 995 1348; x_wconf 88' lang='lat' dir='ltr'><strong>vero</strong></span> <span class='ocrx_word' id='word_1_69' title='bbox 1017 1290 1081 1346; x_wconf 88' lang='lat' dir='ltr'><strong>tam</strong></span> 
     </span>
     <span class='ocr_line' id='line_1_9' title="bbox 47 1394 1081 1486; baseline 0.006 -26"><span class='ocrx_word' id='word_1_70' title='bbox 47 1394 79 1460; x_wconf 93' lang='lat' dir='ltr'><strong>de</strong></span> <span class='ocrx_word' id='word_1_71' title='bbox 102 1396 265 1464; x_wconf 84' lang='lat' dir='ltr'><strong>virtutibus</strong></span> <span class='ocrx_word' id='word_1_72' title='bbox 293 1397 417 1464; x_wconf 86' lang='lat' dir='ltr'><strong>dicendi</strong></span> <span class='ocrx_word' id='word_1_73' title='bbox 443 1401 519 1478; x_wconf 87' lang='lat' dir='ltr'><strong>tais,</strong></span> <span class='ocrx_word' id='word_1_74' title='bbox 548 1419 628 1486; x_wconf 90' lang='lat' dir='ltr'><strong>quae</strong></span> <span class='ocrx_word' id='word_1_75' title='bbox 657 1419 726 1468; x_wconf 88' lang='lat' dir='ltr'><strong>cam</strong></span> <span class='ocrx_word' id='word_1_76' title='bbox 748 1399 891 1468; x_wconf 84' lang='lat' dir='ltr'><strong>omnibus</strong></span> <span class='ocrx_word' id='word_1_77' title='bbox 912 1409 975 1465; x_wconf 88' lang='lat' dir='ltr'><strong>tum</strong></span> <span class='ocrx_word' id='word_1_78' title='bbox 997 1408 1081 1466; x_wconf 91' lang='lat' dir='ltr'><strong>certe</strong></span> 
     </span>
     <span class='ocr_line' id='line_1_10' title="bbox 10 1512 1082 1605; baseline 0.007 -31"><span class='ocrx_word' id='word_1_79' title='bbox 10 1569 11 1574; x_wconf 75' lang='grc'>,</span> <span class='ocrx_word' id='word_1_80' title='bbox 45 1512 112 1580; x_wconf 92' lang='lat' dir='ltr'><strong>mibi</strong></span> <span class='ocrx_word' id='word_1_81' title='bbox 133 1517 328 1582; x_wconf 87' lang='lat' dir='ltr'><strong>notissemaa</strong></span> <span class='ocrx_word' id='word_1_82' title='bbox 356 1526 440 1595; x_wconf 87' lang='lat' dir='ltr'><strong>suat,</strong></span> <span class='ocrx_word' id='word_1_83' title='bbox 469 1537 561 1604; x_wconf 88' lang='lat' dir='ltr'><strong>quam</strong></span> <span class='ocrx_word' id='word_1_84' title='bbox 587 1517 670 1605; x_wconf 87' lang='lat' dir='ltr'><strong>quod</strong></span> <span class='ocrx_word' id='word_1_85' title='bbox 695 1517 814 1604; x_wconf 83' lang='lat' dir='ltr'><strong>grades</strong></span> <span class='ocrx_word' id='word_1_86' title='bbox 842 1528 913 1584; x_wconf 88' lang='lat' dir='ltr'><strong>tuos</strong></span> <span class='ocrx_word' id='word_1_87' title='bbox 938 1525 968 1584; x_wconf 91' lang='lat' dir='ltr'><strong>et</strong></span> <span class='ocrx_word' id='word_1_88' title='bbox 990 1517 1082 1604; x_wconf 84' lang='lat' dir='ltr'><strong>quasi</strong></span> 
     </span>
     <span class='ocr_line' id='line_1_11' title="bbox 45 1632 1082 1720; baseline 0.004 -24"><span class='ocrx_word' id='word_1_89' title='bbox 45 1651 204 1718; x_wconf 80' lang='lat' dir='ltr'><strong>processus</strong></span> <span class='ocrx_word' id='word_1_90' title='bbox 226 1632 348 1700; x_wconf 83' lang='lat' dir='ltr'><strong>dicendi</strong></span> <span class='ocrx_word' id='word_1_91' title='bbox 377 1635 487 1702; x_wconf 85' lang='lat' dir='ltr'><strong>studeo</strong></span> <span class='ocrx_word' id='word_1_92' title='bbox 509 1655 712 1720; x_wconf 78' lang='lat' dir='ltr'><strong>cognoscere.</strong></span> <span class='ocrx_word' id='word_1_93' title='bbox 741 1637 828 1702; x_wconf 75' lang='grc' dir='ltr'><strong>Ι233.</strong></span> <span class='ocrx_word' id='word_1_94' title='bbox 859 1633 1007 1710; x_wconf 67' lang='lat' dir='ltr'><strong>(deretur,</strong></span> <span class='ocrx_word' id='word_1_95' title='bbox 1033 1636 1082 1700; x_wconf 84' lang='lat' dir='ltr'><strong>ia-</strong></span> 
     </span>
     <span class='ocr_line' id='line_1_12' title="bbox 46 1749 1083 1850; baseline 0.001 -35"><span class='ocrx_word' id='word_1_96' title='bbox 46 1768 144 1834; x_wconf 87' lang='lat' dir='ltr'><strong>quam,</strong></span> <span class='ocrx_word' id='word_1_97' title='bbox 166 1749 226 1850; x_wconf 89' lang='lat' dir='ltr'><strong>tibi</strong></span> <span class='ocrx_word' id='word_1_98' title='bbox 254 1771 337 1830; x_wconf 90' lang='lat' dir='ltr'><strong>mos,</strong></span> <span class='ocrx_word' id='word_1_99' title='bbox 366 1755 512 1839; x_wconf 81' lang='lat' dir='ltr'><strong>quoniam</strong></span> <span class='ocrx_word' id='word_1_100' title='bbox 540 1773 589 1818; x_wconf 88' lang='lat' dir='ltr'><strong>me</strong></span> <span class='ocrx_word' id='word_1_101' title='bbox 611 1773 675 1820; x_wconf 85' lang='lat' dir='ltr'><strong>nen</strong></span> <span class='ocrx_word' id='word_1_102' title='bbox 704 1756 811 1838; x_wconf 79' lang='lat' dir='ltr'><strong>ingeni</strong></span> <span class='ocrx_word' id='word_1_103' title='bbox 832 1753 1083 1840; x_wconf 79' lang='lat' dir='ltr'><strong>praedicatorem</strong></span> 
     </span>
    </p>
   </div>
   <div class='ocr_carea' id='block_1_3' title="bbox 46 1867 1192 1957">
    <p class='ocr_par' dir='ltr' id='par_1_3' title="bbox 46 1867 1192 1957">
     <span class='ocr_line' id='line_1_13' title="bbox 46 1867 1192 1957; baseline 0.003 -27"><span class='ocrx_word' id='word_1_104' title='bbox 46 1885 109 1932; x_wconf 90' lang='lat' dir='ltr'><strong>csse</strong></span> <span class='ocrx_word' id='word_1_105' title='bbox 128 1870 198 1947; x_wconf 77' lang='lat' dir='ltr'><strong>eis,</strong></span> <span class='ocrx_word' id='word_1_106' title='bbox 221 1869 278 1935; x_wconf 89' lang='lat' dir='ltr'><strong>sed</strong></span> <span class='ocrx_word' id='word_1_107' title='bbox 299 1868 420 1936; x_wconf 86' lang='lat' dir='ltr'><strong>laboris</strong></span> <span class='ocrx_word' id='word_1_108' title='bbox 441 1872 512 1937; x_wconf 89' lang='lat' dir='ltr'><strong>mei.</strong></span> <span class='ocrx_word' id='word_1_109' title='bbox 555 1867 669 1938; x_wconf 89' lang='lat' dir='ltr'><strong>Verum</strong></span> <span class='ocrx_word' id='word_1_110' title='bbox 690 1872 897 1957; x_wconf 76' lang='lat' dir='ltr'><strong>interponam,</strong></span> <span class='ocrx_word' id='word_1_111' title='bbox 917 1879 950 1935; x_wconf 93' lang='lat' dir='ltr'><strong>ut</strong></span> <span class='ocrx_word' id='word_1_112' title='bbox 968 1868 1081 1956; x_wconf 87' lang='lat' dir='ltr'><strong>placet,</strong></span> <span class='ocrx_word' id='word_1_113' title='bbox 1189 1903 1192 1908; x_wconf 92' lang='lat'>·</span> 
     </span>
    </p>
   </div>
   <div class='ocr_carea' id='block_1_4' title="bbox 43 1983 1083 2424">
    <p class='ocr_par' dir='ltr' id='par_1_4' title="bbox 45 1983 1081 2074">
     <span class='ocr_line' id='line_1_14' title="bbox 45 1983 1081 2074; baseline 0.001 -24"><span class='ocrx_word' id='word_1_114' title='bbox 45 1983 118 2053; x_wconf 87' lang='lat' dir='ltr'><strong>alios</strong></span> <span class='ocrx_word' id='word_1_115' title='bbox 134 1996 165 2052; x_wconf 83' lang='lat' dir='ltr'><strong>at</strong></span> <span class='ocrx_word' id='word_1_116' title='bbox 183 2006 204 2052; x_wconf 89' lang='lat' dir='ltr'><strong>a</strong></span> <span class='ocrx_word' id='word_1_117' title='bbox 220 1983 265 2051; x_wconf 92' lang='grc' dir='ltr'><strong>Μ.</strong></span> <span class='ocrx_word' id='word_1_118' title='bbox 284 1984 417 2066; x_wconf 81' lang='lat' dir='ltr'><strong>Crasso,</strong></span> <span class='ocrx_word' id='word_1_119' title='bbox 433 1983 493 2074; x_wconf 80' lang='lat' dir='ltr'><strong>&#39;qui</strong></span> <span class='ocrx_word' id='word_1_120' title='bbox 510 1987 568 2054; x_wconf 89' lang='lat' dir='ltr'><strong>suit</strong></span> <span class='ocrx_word' id='word_1_121' title='bbox 582 1987 725 2074; x_wconf 89' lang='lat' dir='ltr'><strong>aequalis</strong></span> <span class='ocrx_word' id='word_1_122' title='bbox 741 1985 904 2065; x_wconf 87' lang='lat' dir='ltr'><strong>Hortensi,</strong></span> <span class='ocrx_word' id='word_1_123' title='bbox 925 1987 1081 2054; x_wconf 83' lang='lat' dir='ltr'><strong>exordiar.</strong></span> 
     </span>
    </p>

    <p class='ocr_par' dir='ltr' id='par_1_5' title="bbox 43 2101 1083 2424">
     <span class='ocr_line' id='line_1_15' title="bbox 118 2101 1083 2190; baseline 0 -22"><span class='ocrx_word' id='word_1_124' title='bbox 118 2101 233 2170; x_wconf 82' lang='lat' dir='ltr'><strong>LXVI.</strong></span> <span class='ocrx_word' id='word_1_125' title='bbox 264 2101 296 2170; x_wconf 88' lang='lat' dir='ltr'><strong>Is</strong></span> <span class='ocrx_word' id='word_1_126' title='bbox 325 2107 420 2190; x_wconf 82' lang='lat' dir='ltr'><strong>igitur</strong></span> <span class='ocrx_word' id='word_1_127' title='bbox 452 2105 651 2172; x_wconf 77' lang='lat' dir='ltr'><strong>mediocriter</strong></span> <span class='ocrx_word' id='word_1_128' title='bbox 682 2124 702 2170; x_wconf 90' lang='lat' dir='ltr'><strong>a</strong></span> <span class='ocrx_word' id='word_1_129' title='bbox 731 2104 873 2170; x_wconf 88' lang='lat' dir='ltr'><strong>doctrina</strong></span> <span class='ocrx_word' id='word_1_130' title='bbox 904 2105 1083 2181; x_wconf 87' lang='lat' dir='ltr'><strong>instructus,</strong></span> 
     </span>
     <span class='ocr_line' id='line_1_16' title="bbox 44 2219 1083 2306; baseline 0.002 -22"><span class='ocrx_word' id='word_1_131' title='bbox 44 2223 202 2304; x_wconf 80' lang='lat' dir='ltr'><strong>angustius</strong></span> <span class='ocrx_word' id='word_1_132' title='bbox 228 2223 322 2288; x_wconf 90' lang='lat' dir='ltr'><strong>etiam</strong></span> <span class='ocrx_word' id='word_1_133' title='bbox 348 2243 368 2290; x_wconf 93' lang='lat' dir='ltr'><strong>a</strong></span> <span class='ocrx_word' id='word_1_134' title='bbox 396 2233 524 2304; x_wconf 83' lang='lat' dir='ltr'><strong>natura,</strong></span> <span class='ocrx_word' id='word_1_135' title='bbox 557 2223 668 2290; x_wconf 88' lang='lat' dir='ltr'><strong>labere</strong></span> <span class='ocrx_word' id='word_1_136' title='bbox 696 2231 727 2288; x_wconf 88' lang='lat' dir='ltr'><strong>et</strong></span> <span class='ocrx_word' id='word_1_137' title='bbox 760 2221 914 2288; x_wconf 85' lang='lat' dir='ltr'><strong>industria</strong></span> <span class='ocrx_word' id='word_1_138' title='bbox 943 2229 974 2286; x_wconf 87' lang='lat' dir='ltr'><strong>et</strong></span> <span class='ocrx_word' id='word_1_139' title='bbox 1000 2219 1083 2306; x_wconf 83' lang='lat' dir='ltr'><strong>quod</strong></span> 
     </span>
     <span class='ocr_line' id='line_1_17' title="bbox 43 2337 1083 2424; baseline 0.002 -22"><span class='ocrx_word' id='word_1_140' title='bbox 43 2337 208 2405; x_wconf 85' lang='lat' dir='ltr'><strong>adhibebat</strong></span> <span class='ocrx_word' id='word_1_141' title='bbox 236 2341 276 2406; x_wconf 92' lang='lat' dir='ltr'><strong>ad</strong></span> <span class='ocrx_word' id='word_1_142' title='bbox 304 2340 490 2413; x_wconf 78' lang='lat' dir='ltr'><strong>obtinendas</strong></span> <span class='ocrx_word' id='word_1_143' title='bbox 517 2361 633 2409; x_wconf 89' lang='lat' dir='ltr'><strong>causas</strong></span> <span class='ocrx_word' id='word_1_144' title='bbox 655 2361 762 2410; x_wconf 87' lang='lat' dir='ltr'><strong>coram</strong></span> <span class='ocrx_word' id='word_1_145' title='bbox 785 2341 878 2406; x_wconf 90' lang='lat' dir='ltr'><strong>etiam</strong></span> <span class='ocrx_word' id='word_1_146' title='bbox 897 2349 928 2406; x_wconf 90' lang='lat' dir='ltr'><strong>et</strong></span> <span class='ocrx_word' id='word_1_147' title='bbox 947 2340 1083 2424; x_wconf 78' lang='lat' dir='ltr'><strong>gratiam</strong></span> 
     </span>
    </p>
   </div>
   <div class='ocr_carea' id='block_1_5' title="bbox 43 2455 1085 3132">
    <p class='ocr_par' dir='ltr' id='par_1_6' title="bbox 43 2455 1085 3132">
     <span class='ocr_line' id='line_1_18' title="bbox 43 2455 1082 2554; baseline 0.006 -36"><span class='ocrx_word' id='word_1_148' title='bbox 43 2455 71 2520; x_wconf 91' lang='lat' dir='ltr'><strong>in</strong></span> <span class='ocrx_word' id='word_1_149' title='bbox 89 2457 282 2544; x_wconf 87' lang='lat' dir='ltr'><strong>principibus</strong></span> <span class='ocrx_word' id='word_1_150' title='bbox 303 2459 421 2546; x_wconf 89' lang='lat' dir='ltr'><strong>aliquot</strong></span> <span class='ocrx_word' id='word_1_151' title='bbox 440 2481 539 2528; x_wconf 87' lang='lat' dir='ltr'><strong>annos</strong></span> <span class='ocrx_word' id='word_1_152' title='bbox 558 2461 624 2528; x_wconf 83' lang='lat' dir='ltr'><strong>fuit.</strong></span> <span class='ocrx_word' id='word_1_153' title='bbox 656 2462 690 2554; x_wconf 84' lang='lat' dir='ltr'><strong>im</strong></span> <span class='ocrx_word' id='word_1_154' title='bbox 711 2458 801 2526; x_wconf 88' lang='lat' dir='ltr'><strong>buius</strong></span> <span class='ocrx_word' id='word_1_155' title='bbox 819 2460 960 2554; x_wconf 81' lang='lat' dir='ltr'><strong>oratione</strong></span> <span class='ocrx_word' id='word_1_156' title='bbox 979 2476 1082 2524; x_wconf 87' lang='lat' dir='ltr'><strong>sermo</strong></span> 
     </span>
     <span class='ocr_line' id='line_1_19' title="bbox 43 2569 1083 2670; baseline 0.005 -35"><span class='ocrx_word' id='word_1_157' title='bbox 43 2569 170 2642; x_wconf 87' lang='lat' dir='ltr'><strong>Latinus</strong></span> <span class='ocrx_word' id='word_1_158' title='bbox 192 2585 259 2642; x_wconf 87' lang='lat' dir='ltr'><strong>crat</strong></span> <span class='ocrx_word' id='word_1_159' title='bbox 279 2577 378 2670; x_wconf 84' lang='lat' dir='ltr'><strong>verba</strong></span> <span class='ocrx_word' id='word_1_160' title='bbox 398 2600 461 2646; x_wconf 86' lang='lat' dir='ltr'><strong>nom</strong></span> <span class='ocrx_word' id='word_1_161' title='bbox 483 2579 607 2645; x_wconf 90' lang='lat' dir='ltr'><strong>abiecta</strong></span> <span class='ocrx_word' id='word_1_162' title='bbox 627 2599 680 2644; x_wconf 91' lang='lat' dir='ltr'><strong>res</strong></span> <span class='ocrx_word' id='word_1_163' title='bbox 697 2581 887 2666; x_wconf 89' lang='lat' dir='ltr'><strong>compositae</strong></span> <span class='ocrx_word' id='word_1_164' title='bbox 907 2577 1083 2661; x_wconf 83' lang='lat' dir='ltr'><strong>diligenter,</strong></span> 
     </span>
     <span class='ocr_line' id='line_1_20' title="bbox 44 2691 1084 2782; baseline 0.003 -27"><span class='ocrx_word' id='word_1_165' title='bbox 44 2691 142 2758; x_wconf 83' lang='lat' dir='ltr'><strong>ruilus</strong></span> <span class='ocrx_word' id='word_1_166' title='bbox 166 2691 224 2760; x_wconf 86' lang='lat' dir='ltr'><strong>flas</strong></span> <span class='ocrx_word' id='word_1_167' title='bbox 242 2703 347 2760; x_wconf 88' lang='lat' dir='ltr'><strong>tamem</strong></span> <span class='ocrx_word' id='word_1_168' title='bbox 362 2716 463 2782; x_wconf 86' lang='lat' dir='ltr'><strong>neque</strong></span> <span class='ocrx_word' id='word_1_169' title='bbox 479 2696 584 2762; x_wconf 87' lang='lat' dir='ltr'><strong>lumem</strong></span> <span class='ocrx_word' id='word_1_170' title='bbox 599 2696 713 2761; x_wconf 86' lang='lat' dir='ltr'><strong>ullum:</strong></span> <span class='ocrx_word' id='word_1_171' title='bbox 736 2697 831 2761; x_wconf 85' lang='lat' dir='ltr'><strong>animi</strong></span> <span class='ocrx_word' id='word_1_172' title='bbox 849 2713 974 2778; x_wconf 76' lang='lat' dir='ltr'><strong>magma</strong></span> <span class='ocrx_word' id='word_1_173' title='bbox 994 2695 1084 2760; x_wconf 89' lang='lat' dir='ltr'><strong>vocis</strong></span> 
     </span>
     <span class='ocr_line' id='line_1_21' title="bbox 43 2808 1083 2896; baseline 0 -23"><span class='ocrx_word' id='word_1_174' title='bbox 43 2827 136 2892; x_wconf 71' lang='lat' dir='ltr'><strong>parra</strong></span> <span class='ocrx_word' id='word_1_175' title='bbox 159 2813 331 2889; x_wconf 88' lang='lat' dir='ltr'><strong>contentio,</strong></span> <span class='ocrx_word' id='word_1_176' title='bbox 359 2813 551 2878; x_wconf 86' lang='lat' dir='ltr'><strong>omniafere</strong></span> <span class='ocrx_word' id='word_1_177' title='bbox 576 2822 609 2876; x_wconf 88' lang='lat' dir='ltr'><strong>ut</strong></span> <span class='ocrx_word' id='word_1_178' title='bbox 633 2812 776 2876; x_wconf 86' lang='lat' dir='ltr'><strong>similiter</strong></span> <span class='ocrx_word' id='word_1_179' title='bbox 798 2820 889 2896; x_wconf 87' lang='lat' dir='ltr'><strong>atqua</strong></span> <span class='ocrx_word' id='word_1_180' title='bbox 910 2808 1083 2874; x_wconf 86' lang='lat' dir='ltr'><strong>anamodo</strong></span> 
     </span>
     <span class='ocr_line' id='line_1_22' title="bbox 44 2923 1085 3012; baseline 0 -22"><span class='ocrx_word' id='word_1_181' title='bbox 44 2925 226 2995; x_wconf 86' lang='lat' dir='ltr'><strong>dicerentur.</strong></span> <span class='ocrx_word' id='word_1_182' title='bbox 268 2925 349 2992; x_wconf 90' lang='lat' dir='ltr'><strong>Nam</strong></span> <span class='ocrx_word' id='word_1_183' title='bbox 374 2926 466 2992; x_wconf 89' lang='lat' dir='ltr'><strong>huius</strong></span> <span class='ocrx_word' id='word_1_184' title='bbox 496 2926 639 3012; x_wconf 83' lang='lat' dir='ltr'><strong>aequalis</strong></span> <span class='ocrx_word' id='word_1_185' title='bbox 667 2937 698 2992; x_wconf 87' lang='lat' dir='ltr'><strong>et</strong></span> <span class='ocrx_word' id='word_1_186' title='bbox 724 2927 868 2991; x_wconf 86' lang='lat' dir='ltr'><strong>inimicus</strong></span> <span class='ocrx_word' id='word_1_187' title='bbox 890 2923 924 2988; x_wconf 84' lang='lat' dir='ltr'><strong>G.</strong></span> <span class='ocrx_word' id='word_1_188' title='bbox 946 2923 1085 2990; x_wconf 87' lang='lat' dir='ltr'><strong>Fimbria</strong></span> 
     </span>
     <span class='ocr_line' id='line_1_23' title="bbox 44 3043 1083 3132; baseline 0 -25"><span class='ocrx_word' id='word_1_189' title='bbox 44 3061 101 3111; x_wconf 87' lang='lat' dir='ltr'><strong>roa</strong></span> <span class='ocrx_word' id='word_1_190' title='bbox 135 3047 183 3109; x_wconf 88' lang='lat' dir='ltr'><strong>ita</strong></span> <span class='ocrx_word' id='word_1_191' title='bbox 208 3043 262 3108; x_wconf 87' lang='lat' dir='ltr'><strong>dia</strong></span> <span class='ocrx_word' id='word_1_192' title='bbox 293 3043 413 3110; x_wconf 85' lang='lat' dir='ltr'><strong>iactare</strong></span> <span class='ocrx_word' id='word_1_193' title='bbox 441 3063 476 3110; x_wconf 88' lang='lat' dir='ltr'><strong>se</strong></span> <span class='ocrx_word' id='word_1_194' title='bbox 503 3045 615 3131; x_wconf 88' lang='lat' dir='ltr'><strong>potuit:</strong></span> <span class='ocrx_word' id='word_1_195' title='bbox 651 3044 705 3132; x_wconf 82' lang='lat' dir='ltr'><strong>qai</strong></span> <span class='ocrx_word' id='word_1_196' title='bbox 732 3043 838 3108; x_wconf 88' lang='lat' dir='ltr'><strong>omnia</strong></span> <span class='ocrx_word' id='word_1_197' title='bbox 865 3060 981 3126; x_wconf 80' lang='lat' dir='ltr'><strong>magna</strong></span> <span class='ocrx_word' id='word_1_198' title='bbox 1004 3061 1083 3109; x_wconf 81' lang='lat' dir='ltr'><strong>voco</strong></span> 
     </span>
    </p>
   </div>
   <div class='ocr_carea' id='block_1_6' title="bbox 100 3259 512 3317">
    <p class='ocr_par' dir='ltr' id='par_1_7' title="bbox 100 3259 512 3317">
     <span class='ocr_line' id='line_1_24' title="bbox 100 3259 512 3317; baseline 0 -13"><span class='ocrx_word' id='word_1_199' title='bbox 100 3261 149 3304; x_wconf 73' lang='lat'><strong>2³2.</strong></span> <span class='ocrx_word' id='word_1_200' title='bbox 176 3263 243 3315; x_wconf 72' lang='lat' dir='ltr'><strong>&lt;poam</strong></span> <span class='ocrx_word' id='word_1_201' title='bbox 256 3259 327 3316; x_wconf 76' lang='lat' dir='ltr'><strong>quod]</strong></span> <span class='ocrx_word' id='word_1_202' title='bbox 342 3273 406 3316; x_wconf 81' lang='lat' dir='ltr'><strong>qaam</strong></span> <span class='ocrx_word' id='word_1_203' title='bbox 420 3259 512 3317; x_wconf 79' lang='lat' dir='ltr'><strong>[quedl.</strong></span> 
     </span>
    </p>
   </div>
   <div class='ocr_carea' id='block_1_7' title="bbox 41 3429 1085 3741">
    <p class='ocr_par' dir='ltr' id='par_1_8' title="bbox 41 3429 1085 3740">
     <span class='ocr_line' id='line_1_25' title="bbox 41 3429 1084 3502; baseline 0 -18"><span class='ocrx_word' id='word_1_204' title='bbox 41 3433 208 3500; x_wconf 66' lang='lat' dir='ltr'><strong>perveneris</strong></span> <span class='ocrx_word' id='word_1_205' title='bbox 234 3429 305 3486; x_wconf 85' lang='lat' dir='ltr'><strong>Van.</strong></span> <span class='ocrx_word' id='word_1_206' title='bbox 331 3431 354 3484; x_wconf 89' lang='lat' dir='ltr'><strong>l.</strong></span> <span class='ocrx_word' id='word_1_207' title='bbox 386 3429 435 3502; x_wconf 82' lang='lat' dir='ltr'><strong>Lg.</strong></span> <span class='ocrx_word' id='word_1_208' title='bbox 456 3431 482 3485; x_wconf 89' lang='lat'><strong>8.</strong></span> <span class='ocrx_word' id='word_1_209' title='bbox 506 3431 542 3486; x_wconf 75' lang='lat'><strong>20</strong></span> <span class='ocrx_word' id='word_1_210' title='bbox 558 3446 628 3486; x_wconf 89' lang='lat' dir='ltr'><strong>corr.</strong></span> <span class='ocrx_word' id='word_1_211' title='bbox 654 3429 695 3484; x_wconf 81' lang='grc'><strong>39.</strong></span> <span class='ocrx_word' id='word_1_212' title='bbox 721 3429 761 3482; x_wconf 88' lang='grc'><strong>51.</strong></span> <span class='ocrx_word' id='word_1_213' title='bbox 793 3433 963 3502; x_wconf 79' lang='lat' dir='ltr'><strong>pervenerit</strong></span> <span class='ocrx_word' id='word_1_214' title='bbox 986 3431 1027 3484; x_wconf 94' lang='grc'><strong>56.</strong></span> <span class='ocrx_word' id='word_1_215' title='bbox 1049 3455 1084 3474; x_wconf 77' lang='lat'><strong>·-</strong></span> 
     </span>
     <span class='ocr_line' id='line_1_26' title="bbox 45 3514 1083 3588; baseline 0 -22"><span class='ocrx_word' id='word_1_216' title='bbox 45 3517 143 3584; x_wconf 76' lang='lat' dir='ltr'><strong>tmmo]</strong></span> <span class='ocrx_word' id='word_1_217' title='bbox 162 3519 223 3570; x_wconf 81' lang='lat' dir='ltr'><strong>imo</strong></span> <span class='ocrx_word' id='word_1_218' title='bbox 242 3514 293 3587; x_wconf 77' lang='lat' dir='ltr'><strong>bg.</strong></span> <span class='ocrx_word' id='word_1_219' title='bbox 311 3514 353 3569; x_wconf 80' lang='lat'><strong>39.</strong></span> <span class='ocrx_word' id='word_1_220' title='bbox 372 3515 414 3570; x_wconf 87' lang='lat'><strong>53.</strong></span> <span class='ocrx_word' id='word_1_221' title='bbox 441 3517 485 3570; x_wconf 88' lang='lat' dir='ltr'><strong>ed.</strong></span> <span class='ocrx_word' id='word_1_222' title='bbox 503 3535 543 3588; x_wconf 85' lang='lat' dir='ltr'><strong>pr.</strong></span> <span class='ocrx_word' id='word_1_223' title='bbox 560 3545 596 3560; x_wconf 47' lang='grc' dir='ltr'><strong>υ-</strong></span> <span class='ocrx_word' id='word_1_224' title='bbox 623 3515 732 3582; x_wconf 81' lang='lat' dir='ltr'><strong>diceret]</strong></span> <span class='ocrx_word' id='word_1_225' title='bbox 753 3515 854 3567; x_wconf 79' lang='lat' dir='ltr'><strong>dicant</strong></span> <span class='ocrx_word' id='word_1_226' title='bbox 871 3515 937 3568; x_wconf 89' lang='lat' dir='ltr'><strong>Errr.</strong></span> <span class='ocrx_word' id='word_1_227' title='bbox 957 3533 1031 3584; x_wconf 88' lang='lat' dir='ltr'><strong>susp.</strong></span> <span class='ocrx_word' id='word_1_228' title='bbox 1051 3543 1083 3554; x_wconf 79' lang='lat'><em>-</em></span> 
     </span>
     <span class='ocr_line' id='line_1_27' title="bbox 45 3599 1085 3672; baseline 0.002 -21"><span class='ocrx_word' id='word_1_229' title='bbox 45 3599 279 3669; x_wconf 80' lang='lat' dir='ltr'><strong>dete10m.Gu.</strong></span> <span class='ocrx_word' id='word_1_230' title='bbox 300 3600 323 3655; x_wconf 92' lang='lat' dir='ltr'><strong>l.</strong></span> <span class='ocrx_word' id='word_1_231' title='bbox 338 3628 374 3642; x_wconf 50' lang='grc' dir='ltr'><strong>κ-</strong></span> <span class='ocrx_word' id='word_1_232' title='bbox 401 3618 493 3670; x_wconf 79' lang='lat' dir='ltr'><strong>quam</strong></span> <span class='ocrx_word' id='word_1_233' title='bbox 511 3601 600 3672; x_wconf 75' lang='lat' dir='ltr'><strong>qaod]</strong></span> <span class='ocrx_word' id='word_1_234' title='bbox 620 3599 685 3654; x_wconf 83' lang='lat' dir='ltr'><strong>Era.</strong></span> <span class='ocrx_word' id='word_1_235' title='bbox 705 3599 819 3654; x_wconf 84' lang='lat' dir='ltr'><strong>tollebat</strong></span> <span class='ocrx_word' id='word_1_236' title='bbox 837 3600 933 3669; x_wconf 84' lang='lat' dir='ltr'><strong>qaod,·</strong></span> <span class='ocrx_word' id='word_1_237' title='bbox 953 3599 1003 3653; x_wconf 86' lang='lat' dir='ltr'><strong>sed</strong></span> <span class='ocrx_word' id='word_1_238' title='bbox 1021 3600 1085 3655; x_wconf 86' lang='lat' dir='ltr'><strong>leva</strong></span> 
     </span>
     <span class='ocr_line' id='line_1_28' title="bbox 46 3685 488 3741; baseline 0.009 -7"><span class='ocrx_word' id='word_1_239' title='bbox 46 3686 223 3740; x_wconf 79' lang='lat' dir='ltr'><strong>anacoluthon</strong></span> <span class='ocrx_word' id='word_1_240' title='bbox 241 3685 322 3738; x_wconf 84' lang='lat' dir='ltr'><strong>t&#39;acile</strong></span> <span class='ocrx_word' id='word_1_241' title='bbox 341 3685 435 3741; x_wconf 83' lang='lat' dir='ltr'><strong>fertur.</strong></span> <span class='ocrx_word' id='word_1_242' title='bbox 453 3716 488 3724; x_wconf 94' lang='lat'><em>-</em></span> 
     </span>
    </p>
   </div>
   <div class='ocr_carea' id='block_1_8' title="bbox 48 3783 1088 3943">
    <p class='ocr_par' dir='ltr' id='par_1_9' title="bbox 48 3783 1088 3943">
     <span class='ocr_line' id='line_1_29' title="bbox 111 3783 1085 3858; baseline -0.002 -18"><span class='ocrx_word' id='word_1_243' title='bbox 111 3786 169 3840; x_wconf 80' lang='lat'><strong>233.</strong></span> <span class='ocrx_word' id='word_1_244' title='bbox 205 3788 374 3858; x_wconf 71' lang='lat' dir='ltr'><strong>a&#39;apeni]&#39;s1c</strong></span> <span class='ocrx_word' id='word_1_245' title='bbox 394 3786 443 3858; x_wconf 84' lang='lat' dir='ltr'><strong>Lg</strong></span> <span class='ocrx_word' id='word_1_246' title='bbox 462 3786 486 3840; x_wconf 85' lang='grc'><strong>8.</strong></span> <span class='ocrx_word' id='word_1_247' title='bbox 502 3787 543 3841; x_wconf 87' lang='grc'><strong>35.</strong></span> <span class='ocrx_word' id='word_1_248' title='bbox 562 3786 604 3840; x_wconf 88' lang='grc'><strong>51.</strong></span> <span class='ocrx_word' id='word_1_249' title='bbox 623 3787 678 3841; x_wconf 89' lang='grc'><strong>76</strong></span> <span class='ocrx_word' id='word_1_250' title='bbox 693 3786 764 3842; x_wconf 88' lang='lat' dir='ltr'><strong>Verr.</strong></span> <span class='ocrx_word' id='word_1_251' title='bbox 784 3787 807 3844; x_wconf 90' lang='lat' dir='ltr'><strong>l.</strong></span> <span class='ocrx_word' id='word_1_252' title='bbox 833 3786 885 3842; x_wconf 84' lang='lat' dir='ltr'><strong>Gn.</strong></span> <span class='ocrx_word' id='word_1_253' title='bbox 905 3785 979 3838; x_wconf 91' lang='lat' dir='ltr'><strong>i.-</strong></span> <span class='ocrx_word' id='word_1_254' title='bbox 1007 3783 1085 3844; x_wconf 79' lang='lat' dir='ltr'><strong>Hor·</strong></span> 
     </span>
     <span class='ocr_line' id='line_1_30' title="bbox 48 3851 1088 3943; baseline 0 -19"><span class='ocrx_word' id='word_1_255' title='bbox 48 3872 448 3943; x_wconf 75' lang='lat' dir='ltr'><strong>teast1sicbg.praeter2tt.</strong></span> <span class='ocrx_word' id='word_1_256' title='bbox 468 3869 527 3936; x_wconf 81' lang='grc'><strong>56,</strong></span> <span class='ocrx_word' id='word_1_257' title='bbox 548 3851 612 3924; x_wconf 77' lang='lat' dir='ltr'><strong>item</strong></span> <span class='ocrx_word' id='word_1_258' title='bbox 629 3870 699 3926; x_wconf 89' lang='lat' dir='ltr'><strong>Ven</strong></span> <span class='ocrx_word' id='word_1_259' title='bbox 715 3871 738 3924; x_wconf 89' lang='lat' dir='ltr'><strong>l.</strong></span> <span class='ocrx_word' id='word_1_260' title='bbox 758 3871 822 3926; x_wconf 89' lang='lat' dir='ltr'><strong>Vet.</strong></span> <span class='ocrx_word' id='word_1_261' title='bbox 1077 3870 1088 3898; x_wconf 73' lang='lat'><strong>·²</strong></span> 
     </span>
    </p>
   </div>
   <div class='ocr_carea' id='block_1_9' title="bbox 48 3971 1087 4301">
    <p class='ocr_par' dir='ltr' id='par_1_10' title="bbox 48 3971 1087 4301">
     <span class='ocr_line' id='line_1_31' title="bbox 110 3971 1085 4043; baseline -0.003 -19"><span class='ocrx_word' id='word_1_262' title='bbox 110 3971 209 4028; x_wconf 87' lang='lat' dir='ltr'><strong>LXVI.</strong></span> <span class='ocrx_word' id='word_1_263' title='bbox 245 3975 419 4040; x_wconf 61' lang='lat' dir='ltr'><strong>maraccius]</strong></span> <span class='ocrx_word' id='word_1_264' title='bbox 441 3975 596 4026; x_wconf 77' lang='lat' dir='ltr'><strong>institutae</strong></span> <span class='ocrx_word' id='word_1_265' title='bbox 620 3971 669 4042; x_wconf 84' lang='lat' dir='ltr'><strong>Lg.</strong></span> <span class='ocrx_word' id='word_1_266' title='bbox 688 3973 781 4026; x_wconf 90' lang='grc'><strong>56.-</strong></span> <span class='ocrx_word' id='word_1_267' title='bbox 809 3973 963 4043; x_wconf 72' lang='lat' dir='ltr'><strong>enpustiao</strong></span> <span class='ocrx_word' id='word_1_268' title='bbox 981 3976 1009 4022; x_wconf 84' lang='lat' dir='ltr'><strong>et</strong></span> <span class='ocrx_word' id='word_1_269' title='bbox 1011 3971 1085 4036; x_wconf 76' lang='lat' dir='ltr'><strong>iam]</strong></span> 
     </span>
     <span class='ocr_line' id='line_1_32' title="bbox 48 4053 1087 4132; baseline -0.003 -24"><span class='ocrx_word' id='word_1_270' title='bbox 48 4061 75 4132; x_wconf 74' lang='lat' dir='ltr'><strong>at</strong></span> <span class='ocrx_word' id='word_1_271' title='bbox 91 4073 157 4128; x_wconf 77' lang='lat' dir='ltr'><strong>arcp.</strong></span> <span class='ocrx_word' id='word_1_272' title='bbox 177 4061 270 4111; x_wconf 77' lang='lat' dir='ltr'><strong>etiam</strong></span> <span class='ocrx_word' id='word_1_273' title='bbox 287 4058 339 4112; x_wconf 87' lang='lat' dir='ltr'><strong>Gu.</strong></span> <span class='ocrx_word' id='word_1_274' title='bbox 355 4057 378 4112; x_wconf 90' lang='grc'><strong>1.</strong></span> <span class='ocrx_word' id='word_1_275' title='bbox 392 4087 428 4100; x_wconf 68' lang='grc'><strong>»-</strong></span> <span class='ocrx_word' id='word_1_276' title='bbox 445 4060 526 4112; x_wconf 79' lang='lat' dir='ltr'><strong>accde</strong></span> <span class='ocrx_word' id='word_1_277' title='bbox 538 4073 638 4129; x_wconf 79' lang='lat' dir='ltr'><strong>parea</strong></span> <span class='ocrx_word' id='word_1_278' title='bbox 656 4059 813 4124; x_wconf 74' lang='lat' dir='ltr'><strong>contentio]</strong></span> <span class='ocrx_word' id='word_1_279' title='bbox 831 4060 910 4110; x_wconf 79' lang='lat' dir='ltr'><strong>cocto</strong></span> <span class='ocrx_word' id='word_1_280' title='bbox 927 4061 976 4125; x_wconf 78' lang='lat' dir='ltr'><strong>pte</strong></span> <span class='ocrx_word' id='word_1_281' title='bbox 992 4053 1087 4122; x_wconf 72' lang='lat' dir='ltr'><strong>fime-</strong></span> 
     </span>
     <span class='ocr_line' id='line_1_33' title="bbox 49 4140 1087 4214; baseline 0.001 -21"><span class='ocrx_word' id='word_1_282' title='bbox 49 4142 116 4194; x_wconf 84' lang='lat' dir='ltr'><strong>todo</strong></span> <span class='ocrx_word' id='word_1_283' title='bbox 138 4159 234 4214; x_wconf 80' lang='lat' dir='ltr'><strong>parea</strong></span> <span class='ocrx_word' id='word_1_284' title='bbox 259 4147 405 4198; x_wconf 77' lang='lat' dir='ltr'><strong>contentio</strong></span> <span class='ocrx_word' id='word_1_285' title='bbox 432 4141 483 4196; x_wconf 85' lang='lat' dir='ltr'><strong>Gu.</strong></span> <span class='ocrx_word' id='word_1_286' title='bbox 504 4140 543 4207; x_wconf 90' lang='lat' dir='ltr'><strong>l.‚</strong></span> <span class='ocrx_word' id='word_1_287' title='bbox 569 4142 641 4198; x_wconf 86' lang='lat' dir='ltr'><strong>unde</strong></span> <span class='ocrx_word' id='word_1_288' title='bbox 665 4141 730 4197; x_wconf 77' lang='lat' dir='ltr'><strong>Soa.</strong></span> <span class='ocrx_word' id='word_1_289' title='bbox 754 4142 826 4197; x_wconf 87' lang='lat' dir='ltr'><strong>coni.</strong></span> <span class='ocrx_word' id='word_1_290' title='bbox 853 4144 952 4198; x_wconf 75' lang='lat' dir='ltr'><strong>anima</strong></span> <span class='ocrx_word' id='word_1_291' title='bbox 973 4153 1087 4211; x_wconf 71' lang='lat' dir='ltr'><strong>maprta</strong></span> 
     </span>
     <span class='ocr_line' id='line_1_34' title="bbox 48 4224 602 4301; baseline 0 -20"><span class='ocrx_word' id='word_1_292' title='bbox 48 4224 216 4294; x_wconf 69' lang='lat' dir='ltr'><strong>amatodo,</strong></span> <span class='ocrx_word' id='word_1_293' title='bbox 236 4234 319 4286; x_wconf 74' lang='lat' dir='ltr'><strong>cocto</strong></span> <span class='ocrx_word' id='word_1_294' title='bbox 333 4245 429 4301; x_wconf 80' lang='lat' dir='ltr'><strong>parca</strong></span> <span class='ocrx_word' id='word_1_295' title='bbox 445 4228 602 4285; x_wconf 75' lang='lat' dir='ltr'><strong>eontentio.</strong></span> 
     </span>
    </p>
   </div>
   <div class='ocr_carea' id='block_1_10' title="bbox 679 4431 769 4494">
    <p class='ocr_par' dir='ltr' id='par_1_11' title="bbox 679 4431 769 4494">
     <span class='ocr_line' id='line_1_35' title="bbox 679 4431 769 4494; baseline 0 -30"><span class='ocrx_word' id='word_1_296' title='bbox 679 4472 685 4494; x_wconf 52' lang='grc' dir='ltr'>Ι</span> <span class='ocrx_word' id='word_1_297' title='bbox 746 4431 769 4464; x_wconf 61' lang='lat' dir='ltr'>Q</span> 
     </span>
    </p>
   </div>
   <div class='ocr_carea' id='block_1_11' title="bbox 0 0 1324 4780">
    <p class='ocr_par' dir='ltr' id='par_1_12' title="bbox 0 0 1324 4780">
     <span class='ocr_line' id='line_1_36' title="bbox 0 0 1324 4780; baseline 0 0"><span class='ocrx_word' id='word_1_298' title='bbox 0 0 1324 4780; x_wconf 95' lang='lat' dir='ltr'><strong> </strong></span> 
     </span>
    </p>
   </div>
  </div>
 </body>
</html>
