2676 4774
326 1133 888 1264 PRAEFATIO.

428 1407 789 1436 Q

86 1533 199 1650 Gom
227 1585 297 1644 aute
326 1595 426 1648 anuos
454 1580 552 1647 ferme
582 1581 690 1652 docem
719 1591 750 1650 et
780 1590 851 1650 octo
872 1579 1001 1648 Brutum
1021 1579 1129 1667 expla-

10 1733 12 1742 ’
81 1705 219 1771 nandum
255 1705 330 1772 mihi
363 1709 589 1794 sumpsissem,
623 1709 744 1794 negotii
779 1708 1024 1794 magnitudinem
1058 1725 1131 1794 per·

81 1823 254 1910 spicieham
286 1824 430 1910 quidem,
468 1825 526 1892 sed
557 1825 693 1894 feliciter
724 1826 907 1894 sustinendo
940 1844 1048 1913 parem
1080 1843 1129 1890 me

80 1942 206 2006 minime
236 1941 391 2010 videbam.
433 1940 573 2010 Plurima
601 1948 685 2010 euim
713 1964 782 2012 cum
811 1953 957 2031 corrupta
979 1961 1052 2010 esse
1074 1959 1131 2027 op-

79 2068 220 2145 pareret,
251 2059 394 2126 subsidia
424 2061 612 2128 emendandi
631 2063 685 2128 vix
703 2061 772 2126 ulla
792 2059 1004 2147 suppetebant.
1048 2055 1130 2125 Nam

80 2179 264 2264 scriptorum
298 2175 450 2244 librorum
480 2179 573 2264 copia
604 2177 694 2244 nulla
721 2187 805 2256 erat,
838 2177 914 2242 editi
943 2183 1046 2242 autem
1073 2171 1130 2238 alii

80 2295 150 2360 aliis
187 2293 375 2362 videbantur
407 2295 635 2364 mendosiores.
694 2293 731 2362 ln
762 2297 858 2362 tantis
889 2296 938 2362 rei
968 2291 1129 2378 gerendae

79 2396 235 2498 angustiis
264 2415 453 2480 constitutus
488 2433 557 2480 cum
588 2433 714 2482 manum
747 2415 909 2502 scriptoris
943 2409 1127 2478 restituendi

78 2549 149 2617 spes
186 2531 301 2614 exigua
332 2539 434 2608 esset,
466 2534 652 2599 necessario
682 2535 785 2618 magis
820 2532 861 2598 ad
887 2529 1127 2618 explicationem

46 2717 50 2724 ,
77 2667 198 2725 rerum,
230 2665 360 2734 quarum
380 2650 414 2714 in
434 2646 530 2716 Bruto
550 2651 684 2734 insignis
705 2652 798 2738 eopia
819 2659 849 2716 et
869 2649 910 2716 ad
931 2665 1127 2734 coguoscen-

79 2766 150 2831 dum
181 2765 409 2832 iucundissima
435 2775 552 2844 exstat,
582 2765 765 2836 defluebam.
808 2766 889 2834 lliuc
909 2776 979 2833 orta
1000 2775 1048 2830 est
1069 2763 1127 2830 illa

78 2883 278 2970 eloquentiae
307 2879 469 2950 Romanae
498 2883 647 2963 historia,
676 2905 772 2970 quae,
801 2906 869 2952 oum
894 2884 1030 2950 fortasse
1055 2881 1126 2966 plus
1221 2895 1227 2908 ·

76 3004 160 3067 iusto
197 3000 370 3086 placuisset
389 3009 433 3064 et
470 2999 591 3064 iudices
624 3003 834 3084 aequissimos
867 3009 996 3087 experta
1031 3006 1125 3076 esset,

76 3119 164 3184 alios
187 3115 228 3181 ad
243 3113 473 3200 conquirendas
496 3124 654 3183 oratorum
678 3115 847 3202 reliquias,
870 3115 951 3182 alios
969 3116 1010 3182 ad
1031 3115 1127 3182 telam

78 3257 98 3301 a
126 3255 176 3301 me
207 3231 386 3299 inchoatam
418 3233 535 3300 rectius
567 3243 598 3300 et
631 3235 789 3322 copiosius
821 3234 1041 3323 pertexendam
1071 3253 1126 3300 ex-

78 3355 193 3420 citavit.
226 3350 326 3417 Huius
347 3351 450 3436 igitur·
463 3370 578 3438 operae
599 3357 741 3440 quamvis
762 3353 849 3420 rudis
871 3364 903 3420 et
923 3353 1125 3440 imperfectae

78 3492 116 3537 ue
144 3489 227 3536 nuuc
251 3469 375 3556 quidem
397 3471 551 3556 poenitet;
579 3491 634 3550 ea,
663 3491 743 3559 quae
775 3474 808 3538 iu
833 3473 1016 3558 scriptorem
1038 3491 1124 3553 eram

79 3597 319 3665 commentatus,
342 3587 455 3654 dudum
474 3588 717 3658 damnaveram.¹
750 3587 818 3656 Sed
839 3610 907 3656 cum
924 3599 1126 3656 antenorem

79 3725 178 3773 annos
206 3705 325 3773 Romae
358 3725 520 3785 versarer,
552 3729 616 3775 nou
655 3707 758 3776 solum
787 3706 888 3775 libros
920 3709 958 3775 de
989 3704 1124 3774 Oratore

79 3827 176 3912 copiis
198 3822 494 3909 Lagomarsiiriauis
523 3825 671 3893 adhibitis
697 3829 814 3898 rectius
840 3825 1049 3894 constituendi
1070 3844 1125 3893 co-

77 3944 174 4026 piam,
191 3952 302 4008 nactus
333 3963 418 4022 sum,
452 3943 511 4008 sed
542 3945 637 4010 etiam
662 3943 807 4023 Brutum,
837 3946 871 4009 in
897 3963 958 4028 quo
984 3939 1124 4008 Orellius

78 4059 220 4126 editione
230 4062 370 4148 principe
389 4069 420 4126 et
437 4061 547 4130 codice
562 4059 736 4130 Parisieusi
751 4080 828 4127 usus
842 4059 976 4148 plurima
994 4059 1124 4144 egregie

79 4180 283 4256 correxisset,
301 4179 353 4246 hic
370 4179 438 4246 illie
456 4178 644 4246 emendandi
662 4189 694 4246 et
709 4179 906 4248 recensionis
923 4177 1009 4246 illius
1022 4177 1127 4244 firma-

81 4305 184 4364 menta
204 4299 396 4383 grauissima
416 4297 594 4384 reperiendi
618 4317 691 4386 spes
713 4295 838 4363 affulsit.
