2646 4772
272 391 335 460 Ab
360 391 668 463 6166661961
692 394 782 464 Gdl‘.
806 398 856 464 16.
1000 401 1088 474 861

59 559 195 625 CCXXX:
217 581 287 628 rere
307 566 400 648 igitur
420 565 541 643 (liceum
562 587 589 632 r.
611 567 815 636 Westermaun
834 569 909 634 illst.
930 553 1018 652 Eloq.
1037 572 1089 638 Gr.
1172 566 1176 575 '

58 679 81 742 p·
101 665 167 726 281.
189 683 254 746 sqq.

127 773 196 824 cate
214 765 335 826 Athesis
357 769 452 846 nutus]
483 769 539 844 „id
567 770 669 849 arguit
697 771 814 834 criticos
844 769 881 832 de
903 770 973 835 sede
993 773 1088 836 natali

55 863 150 942 Lysiae
166 865 352 944 dissensisse3
370 885 424 932 neo
439 877 558 954 praeter
576 871 747 935 Ciceronem
762 879 791 934 et
806 871 980 952 Dionysium
995 872 1089 938 lodic.

55 961 167 1045 dalye.
192 971 219 1029 l.
250 973 368 1032 exstare
397 969 513 1034 ridetur
535 972 586 1052 qui
606 971 715 1036 diserte
742 973 818 1034 bunc
838 973 960 1036 Athenis
986 980 1086 1036 uatum

53 1065 240 1141 prodiderit.“
283 1071 460 1145 Bercdsnrdc.

124 1167 238 1240 tuumne
264 1175 340 1230 omni
366 1175 468 1232 cicinno
491 1172 612 1250 eunome]
640 1172 836 1237 subrelictus
859 1177 887 1234 66
908 1173 1087 1236 Niebuhrius

50 1265 100 1328 vol.
110 1265 144 1329 ll
161 1287 190 1349 p.
203 1271 256 1332 66.
276 1269 312 1332 de
333 1263 501 1359 iuceeieo'qr
516 1292 541 1336 s.
559 1279 710 1352 utanimpin
726 1275 963 1357 interpretantur,
979 1275 1085 1354 Meye-

49 1383 92 1426 rus
118 1363 154 1430 de
180 1371 316 1452 partibus
334 1373 444 1452 Lysiae
470 1374 500 1435 in
528 1375 710 1438 restituenda
738 1394 776 1440 ex
805 1377 928 1456 triginta
955 1377 1086 1440 uirorum

49 1463 236 1534 dominatione
256 1490 291 1536 re
312 1474 448 1556 publiua;
469 1491 529 1538 unu
550 1473 666 1538 tenuo.

119 1577 203 1649 quasi
222 1576 336 1634 1961616
354 1580 491 1636 mMuciu
507 1576 574 1654 laps]
598 1576 725 1640 crassus
741 1583 769 1640 et
780 1576 928 1643 Scaevola
947 1576 1084 1642 consules

46 1685 69 1728 c.
85 1669 146 1734 669
165 1673 237 1751 lege
258 1691 314 1736 sua
337 1676 480 1740 carebant
504 1694 541 1738 ne
562 1678 628 1757 quis
649 1696 682 1740 se
707 1696 762 1758 pro
785 1679 849 1743 cire
869 1686 1002 1757 gereret,
1033 1678 1084 1758 qui

44 1769 107 1832 ciris
130 1791 190 1836 uon
213 1783 304 1849 essem
327 1793 387 1856 qua
406 1775 476 1856 lege
497 1793 620 1856 magnus
641 1778 787 1840 sociorum
808 1795 943 1840 uumerus
963 1778 995 1838 in
1013 1795 1084 1841 sues

44 1869 167 1936 ciuitates
195 1876 336 1938 remissus
364 1883 416 1940 est.
459 1877 602 1940 Similiter
629 1877 767 1940 Timaeus
793 1879 913 1958 Lysiam
941 1878 1027 1958 quasi
1052 1877 1084 1942 in

41 1974 160 2049 patriam
192 1993 276 2038 suram
297 1978 474 2052 reuocabat,
501 1978 522 2040 i.
544 1994 569 2040 e.
593 1978 811 2057 Syracusanum
833 1996 898 2040 esse
924 1978 1083 2054 iudicabat,

41 2089 98 2134 cum
127 2077 192 2139 eius
222 2085 307 2158 pater
329 2077 477 2158 Cephalus
499 2085 620 2140 auctore
643 2078 759 2142 Pericle
780 2079 910 2142 Athenas
931 2079 1082 2158 immigra-

38 2172 122 2238 uisset
141 2178 246 2259 ibique
265 2179 403 2259 inquilini
422 2179 488 2244 iure
506 2179 627 2242 uiueret.

115 2278 169 2342 64.
213 2279 296 2338 leuba
321 2313 365 2324 -
392 2279 543 2357 smdiosos]
576 2280 621 2342 bis
649 2278 800 2362 praeludit
826 2279 1017 2360 disputationi
1044 2278 1082 2344 de

35 2374 110 2440 falsu
119 2380 287 2442 Atticorum
301 2381 473 2457 imitatione,
491 2400 579 2463 qum
590 2382 709 2446 uberius
725 2389 896 2463 persecutus
910 2387 956 2442 est
970 2397 998 2443 6.
1012 2381 1082 2456 826

35 2478 154 2542 eundem
181 2481 288 2544 leniter
307 2483 404 2562 tangit
426 2483 458 2544 iu
479 2483 561 2546 Orat.
580 2485 611 2546 9.
653 2483 729 2546 11166
750 2483 867 2546 minime
886 2480 1017 2547 absurda
1038 2488 1082 2546 est

32 2576 218 2660 Berubardyi
238 2585 383 2646 sententia
404 2584 512 2648 facturn
533 2583 564 2646 id
585 2601 650 2646 esse
672 2603 692 2646 a
715 2585 858 2648 Giceroue
880 2591 1004 2666 propter
1023 2583 1081 2644 iui-

31 2681 203 2758 quissimam
223 2683 306 2746 illam
326 2685 408 2746 litem
429 2685 466 2746 de
486 2685 654 2765 principatu
675 2685 879 2765 eloquentiae,
909 2701 997 2763 quem
1017 2701 1081 2746 cum

29 2780 122 2846 Galro
143 2784 267 2864 eiusque
283 2785 405 2844 aemulis
422 2785 564 2846 tenuioris
581 2785 717 2844 atticismi
729 2784 923 2846 sectatoribus
933 2783 1079 2858 babuerit,

112 2885 227 2960 1666611]
251 2901 315 2944 cum
335 2884 456 2962 proprie
478 2881 643 2959 significent
663 2882 808 2944 musculos
824 2883 1012 2944 brachiorum
1028 2899 1080 2946 ex·

23 3001 150 3062 pressos
182 2982 301 3044 roboris
330 2981 459 3060 signum,
492 2981 617 3042 maxime
646 2982 841 3044 exercitorum
867 2981 1016 3059 dicuutur,
1049 2991 1081 3048 ut

22 3085 170 3146 militum:
198 3085 255 3142 tori
277 3089 373 3144 autem
393 3083 414 3144 i.
438 3099 463 3145 e.
484 3082 607 3144 musculi
627 3089 821 3144 lamentorum
841 3082 935 3144 instar
956 3082 993 3144 de
1015 3091 1080 3146 cute

22 3186 191 3264 eminentes
216 3182 407 3260 utldetarum,
435 3185 487 3264 qui
510 3183 611 3246 dedita
638 3199 731 3264 opera
760 3200 821 3245 nou
847 3199 955 3264 corpus
978 3191 1080 3260 totum,

22 3287 75 3348 sed
104 3285 170 3348 rint
191 3284 378 3346 brachiorum
407 3293 437 3346 et
458 3302 574 3366 crurum
595 3285 807 3348 exercitabant:
835 3285 873 3347 cl.
898 3285 1017 3349 Gesner.
1040 3284 1079 3350 ad

22 3385 153 3465 Quintil.
165 3384 241 3449 Vlll
259 3403 391 3465 prooem.
404 3389 453 3449 19.
475 3386 589 3450 Rubuk.
606 3386 645 3449 ud
656 3386 747 3450 Rutil.
758 3385 782 3448 1.
798 3401 828 3466 p.
839 3389 870 3450 6.
892 3385 1078 3452 Wernsdorl.

21 3488 52 3549 in
71 3487 157 3565 eleg.
180 3485 210 3546 iu
228 3486 364 3548 Maeceu.
385 3495 464 3568 poet.
486 3489 552 3551 Lat.
574 3489 641 3549 min.
664 3482 724 3548 rol.
738 3486 789 3548 111.
810 3501 840 3565 p.
858 3489 929 3549 167.
961 3487 1077 3550 Ernest.

20 3589 51 3650 iu
81 3588 166 3652 Plin.
188 3586 265 3668 Epp.
287 3587 322 3652 V.
348 3589 384 3663 8,
410 3591 440 3650 9.
483 3592 621 3646 Lucanos
649 3586 772 3648 militum
800 3590 871 3644 toris
900 3585 1077 3650 athletarum

19 3688 170 3771 opposuit
187 3687 308 3764 Quintil.
327 3688 366 3751 X.
385 3691 414 3764 l,
431 3691 481 3751 33.
514 3687 687 3766 Quanquam
703 3686 791 3748 etiam
808 3685 867 3748 tori
883 3703 938 3767 pro
956 3687 1077 3752 lacertis

20 3789 166 3852 dicuntur
192 3788 286 3851 eidem
308 3789 439 3865 111113,
462 3791 512 3852 16.
557 3787 680 3850 Tralate
708 3789 807 3848 tuomst
832 3787 891 3850 rim
920 3805 956 3850 ac
983 3789 1077 3852 robur

18 3889 147 3954 dicendi
175 3890 262 3953 uirile
293 3891 468 3970 significent.
509 3889 581 3964 llic,
609 3906 674 3952 cum
700 3890 854 3953 uehemens
882 3894 912 3947 et
933 3885 1075 3950 mouendo

18 3992 160 4054 auditori
184 3991 309 4054 intentus
336 3999 439 4054 orator
459 3990 565 4069 Lysias
586 4007 644 4052 nou
675 3991 727 4065 sit,
759 3983 944 4049 referendum
972 3992 1018 4046 est
1037 3983 1077 4046 ad

17 4091 174 4157 sermonis
205 4093 416 4174 proprietatem
442 4099 471 4154 et
498 4091 703 4154 maturitatem.
753 4089 865 4152 Rursus
894 4104 961 4144 coro
989 4084 1076 4164 quasi

16 4196 117 4258 nimia
143 4193 292 4274 pinguedo
317 4193 439 4259 lacertis
460 4192 610 4256 contraria
631 4199 691 4267 est;
719 4205 813 4272 quare
832 4183 1014 4268 Quintiliano
1034 4185 1073 4248 Χ.
