2646 4772
367 467 558 540 BRUTUS
587 469 680 539 CAP.
700 473 751 540 26.
992 473 1087 544 11111

58 650 141 706 torem
168 655 289 727 semper
317 642 439 728 potavi;
464 658 668 728 maxumeque
694 639 823 729 probavi
848 657 904 728 pro
926 637 1086 708 Messalla

57 757 206 836 dicentem,
228 777 296 824 cnm
313 769 346 824 tn
368 759 484 826 ainisti.
529 756 585 826 Sic
606 759 723 838 ierunt,
744 761 888 846 inquam,
911 758 1007 862 idque¹
1028 760 1084 826 de·
1128 740 1135 756 ⁸

57 875 143 942 clarat
162 875 301 950 totidem,
323 886 396 963 quot
416 876 505 955 dixit,
528 887 560 942 ut
586 879 687 957 aiunt,
707 878 824 965 scripta
843 874 949 943 verbis
971 880 1085 944 oratio.

54 991 127 1078 Ergo
147 994 200 1060 ille
223 1013 243 1060 a
261 991 379 1062 Crasso
398 994 528 1062 consule
545 1005 576 1062 et
592 993 752 1062 Scaevola
766 1013 864 1082 usqne
882 995 924 1062 ad
940 994 1084 1062 Paullum

56 1121 79 1176 et
95 1111 274 1180 Marcellum
296 1111 443 1180 consules
464 1111 583 1194 domin
604 1133 667 1181 nos
681 1115 714 1180 in
730 1112 840 1180 eodem
858 1133 951 1180 cursu
969 1113 1087 1181 inimus

55 1227 174 1298 aSclla
196 1227 347 1300 dictatore
370 1231 411 1298 ad
435 1231 564 1300 eosdem
585 1232 652 1299 iere
675 1233 831 1300 consules.
869 1231 925 1300 Sic
949 1230 987 1312 Q.
1003 1230 1086 1300 Hor-

54 1351 123 1413 tensi
136 1369 195 1417 von
214 1352 367 1418 exstincta
384 1369 442 1418 suo
457 1349 522 1418 sato
544 1361 606 1429 est,
622 1360 731 1418 nostre
749 1349 885 1438 publico.
917 1351 990 1418 329.
1012 1348 1085 1418 Me-

52 1465 118 1545 lius,
147 1485 282 1555 quaeso,
312 1469 466 1548 ominare,
493 1470 592 1556 inquit
614 1466 737 1536 Brutus.
782 1465 832 1536 sn
859 1487 937 1536 sane
963 1479 997 1536 ut
1024 1471 1087 1548 vis,

52 1585 180 1671 inquam,
210 1596 241 1653 et
265 1586 297 1652 id
318 1597 465 1654 nontam
487 1605 559 1654 mea
581 1606 680 1654 causa
701 1607 793 1674 quam
813 1597 883 1654 tua:
905 1587 963 1654 sed
986 1587 1084 1654 sortu-

51 1714 130 1770 natus
155 1705 243 1772 iilius
273 1707 392 1783 exitus,
419 1708 471 1792 qui
494 1725 534 1772 ea
554 1725 618 1772 non
638 1705 731 1784 vidit,
759 1725 828 1772 cum
851 1705 973 1783 fierent,
1002 1725 1083 1792 quae

48 1824 170 1908 providit
196 1823 307 1890 intona.
351 1843 447 1910 saepe
470 1823 551 1888 onim
573 1823 733 1889 internos
759 1822 966 1910 impendentis
990 1841 1088 1889 carue

49 1938 235 2020 deflevimus,
262 1961 330 2008 cnm
355 1939 433 2007 belli
459 1939 562 2007 civilis
590 1959 705 2008 causae
733 1941 766 2005 in
786 1941 976 2027 privatorum
999 1941 1087 2028 cupi·
1204 1953 1207 1958 '

48 2057 187 2128 ditatibns
219 2059 374 2136 inclusas,
408 2060 498 2147 pacis
533 2077 618 2146 spem
649 2078 669 2124 a
694 2055 819 2145 publico
849 2055 984 2123 consilio
1011 2077 1087 2124 esse

47 2155 199 2273 emissam
225 2178 412 2245 rideremus.
457 2172 524 2242 Sed
551 2175 639 2242 iilum
664 2175 786 2242 videtur
808 2173 946 2242 felicitas
974 2175 1087 2262 ipsius,

47 2315 102 2380 qua
124 2317 249 2386 semper
273 2307 322 2363 est
351 2315 444 2374 usus,
474 2293 515 2362 ab
538 2296 586 2362 eis
608 2294 762 2373 miseriis,
792 2313 873 2381 quae
896 2263 1085 2361 consecutae

44 2549 135 2605 endem
147 2547 282 2623 partienda
300 2553 343 2614 ei,
363 2565 432 2620 qnae
447 2547 645 2620 coniungendis
660 2545 727 2620 ipsis
743 2548 890 2602 constituta
905 2555 961 2614 est,
978 2547 1006 2600 in
1020 2546 1086 2602 bine

43 2636 161 2692 membra
174 2635 342 2690 distributae.
369 2633 448 2688 'l’aiie
465 2643 581 2689 centena
594 2634 703 2691 Cicero.
729 2631 771 2686 Et
785 2642 875 2690 entem
893 2641 921 2688 et
938 2638 1086 2703 querente

43 2720 110 2776 inter
123 2739 156 2778 se
172 2720 274 2794 opponi
291 2719 357 2790 ipsis
370 2720 503 2790 exemplis
521 2717 653 2784 efficitur,
672 2735 744 2788 quae
757 2717 881 2772 Handius
898 2734 934 2773 ex
947 2717 1085 2772 contrario

42 2807 141 2862 iudicat
159 2807 237 2860 Ture.
256 2805 313 2860 vol.
327 2803 360 2858 11.
380 2821 408 2873 p.
426 2803 477 2856 527
491 2820 550 2873 sqq.
586 2801 695 2856 Deinde
713 2800 878 2871 Bernhardy
900 2801 965 2854 dicit
987 2800 1087 2854 iniuria

42 2892 119 2947 nibui
131 2891 283 2947 Hortensio
296 2889 390 2942 iuveni
402 2885 517 2940 sormam
529 2885 701 2955 splendidam
712 2885 910 2939 exercitatione
922 2883 1084 2955 perfecturus

42 2979 110 3046 quod
124 2976 193 3048 quid
206 2975 258 3029 sibi
271 2972 338 3028 velit
350 2987 405 3025 non
420 2987 559 3038 assequor.
573 2999 607 3008 —
625 2967 835 3038 verborumque
851 2969 990 3036 astricta]
1008 2967 1085 3023 oerb.

41 3069 165 3133 eratque
178 3065 250 3113 asir.
264 3056 315 3128 Lg.
327 3063 438 3127 praeter
449 3053 508 3121 68„
525 3055 589 3108 item
604 3053 655 3108 Gn.
669 3052 693 3108 1.
705 3081 740 3094 -
757 3051 992 3126 comprehensio]
1008 3070 1086 3110 com·

16 3211 17 3220 ¹
36 3149 158 3218 pressio
177 3142 245 3198 ven.
262 3142 287 3196 2.
319 3142 504 3213 comprensio
523 3138 574 3210 Lg.
589 3138 614 3194 8.
629 3139 671 3194 35.
685 3141 727 3194 51.
741 3138 784 3194 53.
803 3136 844 3192 58.
859 3137 902 3192 68.
917 3168 950 3176 -
975 3139 1085 3207 centor]

41 3237 143 3286 sanior
161 3228 214 3300 Lg.
228 3227 270 3284 20.
286 3255 322 3270 »-
340 3224 472 3295 decebat]
491 3223 609 3282 dicebat
626 3223 678 3296 Lg.
692 3225 734 3280 53.
748 3223 789 3278 70.
814 3224 866 3280 Gu.
884 3223 906 3279 1.
932 3222 975 3278 ed.
994 3240 1035 3296 pr.
1051 3253 1086 3263 -

39 3314 243 3381 ncermmnm]
261 3311 311 3384 Lg.
326 3313 368 3367 51.
388 3308 445 3366 oo.
458 3341 493 3351 —
514 3311 682 3379 consereret]
699 3309 740 3366 sic
754 3315 894 3364 contracte
911 3306 962 3380 Lg.
975 3317 1088 3380 praeter

39 3403 78 3457 20.
97 3396 158 3467 aa,
177 3401 241 3453 item
258 3397 327 3452 Ven.
342 3397 363 3450 l.
382 3393 439 3452 on.
458 3396 522 3452 Vnt.
540 3427 575 3436 —
597 3393 760 3466 facultate]
780 3400 880 3450 aetate
898 3395 1018 3466 suspicio
1035 3391 1086 3448 Er·

39 3488 107 3541 nesti
125 3485 201 3540 haud
218 3501 285 3539 sane
304 3481 463 3553 probabilis.

106 3632 206 3694 XCVI.
233 3635 292 3690 328.
318 3633 630 3706 ᾳααῐίαἶιίηηᾳιι.ιιιιιῑ
641 3629 755 3686 Gom.
770 3629 920 3685 Per.D.-
933 3645 1085 3686 manante·

37 3725 103 3796 qne]
125 3725 167 3778 sic
184 3721 233 3792 Lg.
251 3717 480 3792 praecordialis).
498 3717 556 3784 56„
573 3717 639 3770 item
654 3713 712 3772 Oti.
731 3721 762 3758 -ὲ
775 3713 1086 3785 'Mesredlaicodicum

37 3812 74 3864 sio
92 3809 171 3864 solus
190 3805 241 3860 Gn.
259 3805 283 3863 1.
302 3812 330 3858 et
349 3805 392 3860 ed.
411 3821 452 3875 pr.
470 3821 497 3857 v.
516 3799 747 3868 5175245-
773 3794 891 3876 afisdscc]
909 3801 958 3874 Lg.
976 3803 1036 3857 eine
1053 3801 1088 3865 b,-

37 3895 180 3966 affuisset
200 3889 250 3946 Gu.
271 3890 293 3946 1.
322 3890 365 3947 ed.
383 3907 423 3960 pr.
439 3918 474 3926 —
496 3885 621 3956 [nimus]
639 3903 740 3942 sumne
758 3885 809 3942 Gu.
828 3887 851 3940 1.
868 3916 904 3966 '.·
930 3885 1086 3953 Hortenst]
1126 3897 1132 3906 ·

37 3981 74 4034 sic
87 3977 142 4050 Lg.
153 3983 265 4053 praeter
276 3973 319 4030 20.
331 3973 390 4043 cn,
407 3976 473 4030 item
485 3971 553 4026 Ven.
564 3968 588 4028 i.
605 3970 668 4048 Vnt.
678 4003 713 4012 -
736 3970 806 4042 fato
824 3972 889 4037 eno]
908 3969 964 4024 inv.
983 3969 1026 4023 ed.
1042 3985 1084 4039 pr.

35 4072 172 4136 sequente
189 4062 318 4134 Meyero.

107 4215 169 4270 322.
204 4215 463 4282 mntnar010rnire
484 4211 536 4284 Ing.
552 4211 578 4266 8.
597 4213 639 4268 51.
650 4209 699 4264 ’58
734 4211 847 4264 omine
868 4203 905 4260 39
921 4211 991 4259 corr.
1010 4213 1040 4260 nt
1058 4203 1084 4262 8.

35 4305 115 4357 mire
134 4299 187 4357 Gn.
201 4302 224 4356 1.
237 4329 271 4342 -·
294 4298 439 4372 procidit]
452 4293 716 4371 praesentiant.
750 4292 821 4349 iliud
836 4289 981 4349 sollicitam
994 4307 1086 4347 eorem
