2646 4772
231 410 332 487 284
623 409 884 480 CICERONIS

230 605 311 672 quaa
343 590 413 648 sunt
444 579 704 659 innumerabilia,
737 581 776 646 de
808 583 879 648 istis
913 581 1033 648 dnobus
1060 601 1131 650 cun
1159 587 1270 671 copto,

230 703 322 769 doleo
339 699 418 766 nihil
434 709 519 764 tuam
535 708 714 787 perpetuam
732 701 948 766 auctoritatem
966 701 1005 767 de
1022 721 1100 789 pace
1117 703 1269 770 vduisoe!

228 819 308 886 Nam
335 839 394 885 nec
426 822 505 884 istos
531 816 714 884 excellentis
734 820 822 884 viros
850 837 910 885 nec
936 819 1049 886 multos
1076 821 1159 887 alios
1183 839 1271 908 prae-

228 940 339 1006 stantis
364 937 444 1003 civia
470 957 522 1003 res
543 935 670 1024 publica
691 936 889 1023 perdidisset
934 934 1108 1016 sileamus,
1138 940 1270 1024 inquam,

227 1056 339 1134 Brute,
373 1055 412 1121 de
440 1056 525 1132 istis,
553 1073 593 1119 ne
621 1073 793 1139 augeamus
825 1053 976 1122 dolorem.
1026 1065 1157 1122 namet
1183 1075 1271 1142 prae·

225 1178 386 1242 teritorum
415 1173 592 1240 recordatio
620 1183 669 1238 est
697 1171 815 1239 acerba
848 1182 879 1238 et
907 1172 1053 1240 acerbior
1082 1176 1269 1261 exspectatio

225 1295 424 1381 reliquorum,
457 1290 564 1377 ltaque
588 1293 763 1359 omittamus
784 1289 895 1376 lugere
912 1301 944 1356 et
963 1301 1080 1356 tanturn
1098 1292 1174 1378 quid
1189 1294 1269 1380 quis-

227 1433 286 1499 que
304 1410 437 1478 dicendo
453 1411 599 1498 potuerit,
621 1411 767 1494 qnoniam
784 1409 817 1474 id
833 1411 1027 1495 quaerimus,
1045 1411 1268 1496 praedicemus.

309 1525 466 1594 LXXVII.
494 1527 567 1592 267.
597 1523 677 1592 Sunt
703 1521 798 1592 etiarn
824 1544 863 1592 or
892 1529 955 1605 eis,
985 1529 1038 1614 qui
1058 1528 1171 1593 eodem
1187 1527 1267 1593 bello

227 1647 422 1725 occiderunt,
449 1641 495 1710 Μ.
514 1643 661 1723 Bibulus,
684 1645 737 1730 qui
761 1653 792 1710 et
813 1647 997 1732 scriptitavit
1019 1643 1182 1725 accurate,
1204 1665 1267 1712 cun

225 1767 409 1855 praesertim
440 1783 503 1830 non
535 1771 621 1828 esset
648 1773 769 1842 orator,
806 1775 837 1829 et
864 1767 930 1848 egit
956 1763 1055 1829 multa
1083 1774 1266 1830 constanter.
1314 1829 1315 1848 q

224 1886 345 1971 Appius
367 1881 519 1946 Claudius
547 1899 640 1946 socer
659 1889 745 1958 tuus,
776 1880 905 1966 collega
923 1891 955 1947 at
976 1881 1144 1948 familiaris
1165 1901 1266 1947 meus:
1314 1849 1315 1874 Χ

223 2001 275 2068 lric
298 2003 361 2066 iarn
382 2001 510 2065 atratis
531 1999 690 2064 studiosos
711 2007 742 2064 et
758 1998 852 2064 valde
874 2019 944 2065 cnm
963 2000 1073 2091 doctus
1094 2001 1266 2066 tumeliam

224 2121 412 2186 exercitatus
438 2113 545 2184 orator
579 2124 623 2182 ab
640 2137 709 2182 cunr
738 2113 904 2201 'auguralis
930 2127 994 2183 tunt
1025 2122 1128 2184 ononis
1153 2119 1266 2206 publici

222 2241 300 2304 iuris
329 2237 585 2322 antiquitatisque
613 2245 741 2301 nostrae
769 2234 850 2300 bene
879 2237 996 2322 peritus
1026 2237 1092 2302 fuit.
1136 2233 1175 2300 L.
1205 2233 1265 2301 llo-

224 2357 328 2422 mitius
352 2353 441 2419 nulla
463 2351 518 2420 ille
541 2353 665 2440 quidem
687 2361 768 2430 arte,
787 2351 845 2418 sed
865 2350 979 2421 Latina
996 2362 1102 2437 tannen
1123 2363 1155 2420 et
1174 2354 1264 2422 multa

223 2493 292 2540 can
321 2471 465 2538 libertate
488 2471 623 2538 dicebat.
665 2469 739 2536 268.
765 2467 835 2537 Duo
859 2481 1025 2558 practerea
1044 2470 1173 2538 Lentuli
1194 2493 1263 2539 con-

222 2592 362 2669 sideres,
392 2605 521 2676 quorum
544 2587 674 2654 Publius
702 2589 758 2654 ille
779 2598 956 2654 nostrarum
983 2591 1167 2656 iniuriarum
1188 2590 1262 2656 ultor

222 2719 331 2775 auctor
352 2707 464 2774 salutis
486 2706 633 2792 quicquid
653 2705 777 2784 habuit,
801 2715 1069 2793 quantumcunque
1090 2708 1167 2787 suit,
1189 2708 1261 2774 illud

218 2837 315 2894 toturn
339 2826 447 2892 babuit
475 2845 493 2890 e
521 2821 705 2911 disciplina
733 2825 937 2891 instrumenta
963 2835 1094 2892 naturae
1122 2827 1260 2892 deerant:

220 2947 277 3013 sed
304 2955 411 3014 tantus
439 2945 536 3010 animi
562 2943 768 3028 splenderet
796 2953 884 3009 tanta
910 2944 1124 3028 magnitudo,v
1141 2956 1176 3011 ut
1202 2945 1259 3012 sibi

286 3164 346 3219 noti.
383 3165 419 3218 de
436 3164 514 3231 ictis]
535 3166 658 3218 eruistis
676 3163 719 3216 ed.
735 3179 776 3234 pr.
790 3189 827 3206 ·-
845 3162 1258 3236 excellentis-praestaretis]

218 3243 257 3304 'sic
275 3249 324 3322 Lg.
343 3249 368 3303 8.
386 3249 429 3304 to.
449 3249 551 3304 51.'5o.
578 3247 649 3302 Ven.
666 3247 689 3301 l.
714 3246 771 3304 Ott.
797 3247 840 3320 ed.
858 3264 915 3317 pr.;
942 3246 995 3301 hoc
1014 3249 1096 3302 etiam
1113 3249 1155 3304 53.
1173 3251 1257 3306 68.—

217 3351 253 3388 ne
271 3333 446 3406 aequamur]
466 3350 520 3388 nec
538 3350 602 3404 cup.
623 3333 666 3388 ed.
684 3349 726 3402 pr.
1312 3381 1313 3412 p

286 3451 424 3506 Lxxvu.
458 3451 519 3507 267.
555 3453 671 3518 iamet]
692 3458 721 3504 et
738 3454 801 3504 lam
819 3448 871 3504 Gu.
886 3449 908 3505 l.
926 3480 962 3490 -
986 3467 1052 3506 cum
1067 3451 1185 3523 doetus]
1202 3461 1256 3506 ium

217 3538 245 3593 cl.
265 3537 317 3592 Gn.
333 3537 356 3592 l.
374 3568 408 3577 —
433 3537 598 3609 abpatruus]
619 3541 745 3608 cuparii
761 3553 813 3606 mg.
831 3533 926 3588 Lamb.
946 3535 1020 3590 158⁴.
1034 3565 1070 3576 -
1088 3539 1204 3610 publici
1218 3543 1256 3593 iu·

215 3623 272 3688 rto]
291 3626 365 3676 iaris
383 3623 479 3676 civilis
497 3621 547 3692 Lg.
567 3621 602 3676 39
615 3639 687 3676 corr.
704 3651 739 3661 ·-
765 3620 814 3674 ille
831 3620 964 3689 quodem]
982 3621 1037 3678 inv.
1056 3621 1108 3693 Lg.
1120 3624 1165 3693 39.

286 3721 347 3774 268.
384 3721 536 3791 quicquid]
555 3724 608 3790 sie,
625 3741 681 3776 uon
696 3721 856 3792 quidmrid,
872 3722 942 3776 libri.
973 3721 1023 3776 Gn.
1035 3723 1057 3777 l.
1074 3729 1127 3793 qui
1139 3725 1254 3796 quid.—

216 3806 326 3871 totom]
348 3821 400 3860 om.
421 3805 471 3861 Gn.
492 3808 514 3862 l.
533 3839 569 3848 -
596 3808 802 3880 ediscipla‘rta]
821 3808 860 3860 sic
880 3806 959 3862 codd.
977 3806 1028 3877 Lg.
1045 3825 1155 3876 omnes,
1175 3811 1225 3864 Gu.
1237 3807 1255 3860 Ι.

214 3889 287 3946 Ven.
303 3889 326 3946 i.
351 3887 408 3946 Oti.
444 3899 472 3946 ei
492 3889 563 3947 disc.
584 3893 627 3948 ed.
642 3911 683 3962 pr.
713 3909 751 3945 ear
769 3892 841 3946 disc.
860 3893 944 3963 vulgo
963 3911 980 3945 a
994 3892 1128 3948 Lambino
1146 3895 1254 3948 inda-

215 3982 318 4030 tantus
335 3979 443 4044 animi]
472 3984 490 4034 i.
508 3984 575 4032 erat
595 3995 643 4030 art.
668 3975 763 4032 Lamb.
783 3994 834 4046 mg.
856 3975 947 4041 1584.;
971 3985 1093 4046 praestet
1115 3980 1144 4032 id
1166 3977 1254 4032 intelli-

214 4078 287 4132 gere.
300 4091 336 4103 —-
363 4065 520 4130 conducere]
539 4063 599 4116 sine
611 4061 632 4114 d
640 4061 698 4132 lug.
712 4061 754 4116 20.
768 4062 809 4115 39.
821 4060 862 4116 53.
885 4062 937 4117 Gu.
954 4062 977 4117 1.
1006 4061 1165 4118 addiscere
1176 4063 1216 4117 35.
1225 4089 1254 4101 —-

215 4146 381 4216 coquendi]
398 4147 557 4216 ecquando
576 4147 626 4201 Gn.
641 4146 663 4198 l.
675 4173 710 4189 ·-
730 4147 824 4218 plena
842 4148 929 4214 esset]
942 4146 1033 4218 plene
1048 4165 1113 4202 erse
1131 4149 1182 4202 Gar.
1196 4147 1254 4200 1.-

217 4231 354 4298 ierrorts]
370 4229 499 4298 fervoris
511 4230 644 4302 Pur-gold.
672 4237 770 4288 terror
784 4240 826 4288 est
839 4227 974 4300 tutatuta:
991 4231 1027 4286 de
1037 4231 1149 4289 Pericle
1163 4232 1256 4304 legitor
