2676 4774
230 481 263 550 4
384 475 533 545 BRllVlS
559 459 858 556 ELOQUENTIAE
881 470 986 542 ROM.
1009 473 1118 542 HlST.

132 723 135 730 p
231 651 280 712 oui
306 657 334 712 et
367 668 398 712 se
423 657 516 712 totum
542 649 693 713 dicaverat
726 655 754 709 et
781 647 907 709 debebat
939 648 1051 723 omnia,
1085 665 1149 709 eum
1180 648 1268 710 multis

230 752 328 816 verbis
350 751 380 812 id
398 753 476 830 agit,
497 759 530 813 ut
547 750 651 814 doceat
673 747 805 810 conditas
827 747 998 828 eloquentia
1012 749 1160 824 civitates,
1180 751 1269 830 posita

229 853 378 936 politioris
405 853 593 915 humanitatis
619 849 824 924 fundamenta,
855 849 1042 910 obliteratam
1068 867 1179 911 morum
1203 851 1269 911 ieri-

229 961 332 1026 tatem,
362 953 526 1016 discordias
553 961 581 1014 et
607 951 690 1013 bella
717 950 834 1021 sedata,
863 950 948 1010 malis
977 968 1040 1011 curn
1068 951 1192 1031 publicis
1215 959 1269 1012 tum

229 1055 353 1134 privatis
376 1073 528 1116 occursum
550 1071 624 1116 esse.
668 1052 749 1114 Haeo
775 1051 828 1112 ille
856 1069 894 1112 ex
915 1052 1087 1132 improbatis
1109 1051 1169 1112 illis
1190 1051 1268 1112 libris

229 1153 265 1215 de
292 1155 461 1218 Inventione
479 1152 527 1236 (Ἰ)
556 1156 586 1216 in
615 1151 752 1230 dialogos
783 1151 818 1212 de
846 1153 973 1214 Oratore
1001 1153 1154 1214 ornatiora
1178 1160 1268 1213 trans-

227 1255 294 1316 tulit
312 1250 374 1334 (³);
409 1257 460 1336 qui
492 1275 555 1318 oum
583 1273 619 1316 eo
645 1260 778 1334 tempore
806 1253 908 1334 scripti
936 1253 1007 1328 sint,
1037 1253 1141 1334 quibus
1170 1252 1267 1316 Cicero

228 1355 398 1435 eloquentia
428 1357 567 1431 florebat,
600 1372 660 1416 non
691 1353 877 1416 mediocriter
908 1361 1021 1435 pugnat
1048 1372 1085 1414 ea
1117 1353 1267 1435 disputatio

229 1474 293 1516 eum
320 1457 471 1519 contraria
493 1455 652 1530 sententia,
682 1474 741 1536 qua
761 1453 905 1516 beneficia
924 1456 980 1516 illa
1002 1453 1040 1516 ad
1060 1453 1269 1536 philosophiam

230 1558 316 1636 quasi
325 1566 477 1638 parentem
492 1578 526 1621 re
527 1553 624 1636 lert(⁴¹
632 1556 655 1636 ).
688 1556 804 1637 Quippe
822 1575 886 1618 eum
899 1555 1068 1636 posteriora
1082 1556 1138 1617 illa
1150 1557 1267 1637 scripsit,

227 1656 325 1718 libera
349 1677 383 1720 re
407 1661 528 1741 publiea
559 1679 578 1722 a
606 1659 738 1724 Caesare
766 1657 884 1718 sublata
910 1674 1028 1737 campus
1055 1675 1115 1719 non
1140 1657 1267 1718 etutdi-

227 1759 313 1819 sertis
335 1753 423 1837 viris,
450 1763 482 1822 in
504 1779 589 1842 quem
610 1760 697 1841 quasi
719 1765 907 1820 excrrrrentes
933 1757 1046 1838 ingenii
1066 1759 1269 1838 praestantiam

229 1859 423 1931 ostenderent.
467 1863 586 1924 Rectius
616 1878 687 1921 sane
714 1860 746 1920 in
768 1859 949 1921 sermonibus
976 1858 1012 1919 de
1034 1859 1161 1944 Oratore
1182 1861 1269 1923 Scae·

225 1961 310 2034 vola,
334 1962 385 2041 qui
407 1971 510 2024 contra
531 1969 722 2044 personatum
746 1960 919 2024 Ciceronem
941 1959 1092 2041 disputans
1114 1959 1265 2034 inducitur,

226 2043 339 2134 omnem
365 2061 448 2123 illum
481 2063 614 2125 cultioris
640 2064 719 2126 vitae
749 2063 877 2124 fructum
908 2061 1081 2142 prudentiae
1113 2061 1192 2125 civili
1221 2079 1269 2124 ac-

226 2169 340 2242 ceptum
361 2163 468 2240 refert3
497 2165 552 2226 etsi
573 2171 698 2224 naturae
718 2165 863 2224 humanae
884 2163 940 2223 illa
960 2161 1143 2243 praestantia
1164 2171 1220 2240 est,
1240 2170 1269 2224 ut

226 2257 265 2322 ad
287 2281 398 2324 summa
414 2283 563 2345 quaeque,
587 2265 790 2345 cumprimum
813 2264 910 2326 divino
930 2263 1072 2328 beneficio
1095 2285 1132 2330 ex
1147 2267 1269 2330 feritatis
1300 2251 1302 2260 ¹

226 2361 364 2424 socordia
387 2367 515 2426 excitata
537 2372 627 2440 esset,
651 2373 754 2446 sponte
776 2383 830 2426 sua
850 2364 1010 2428 laberetur.
1039 2369 1043 2381 ’

712 2529 739 2612 o.
762 2537 791 2594 ι.

498 2645 681 2715 Eloquentiae
697 2645 838 2700 Romanae
856 2645 998 2718 principia

309 2764 387 2829 illud
420 2777 516 2830 autem
551 2769 734 2832 intellexisse
766 2769 938 2832 Ciceronem
970 2769 1112 2834 credibile
1144 2781 1189 2866 est
1219 2773 1269 2834 has

225 2868 411 2949 eloquentiae
443 2869 563 2946 laudes,
594 2879 742 2952 utcunque
775 2871 850 2934 dc
842 2876 878 2936 ris
912 2875 1144 2950 existimaveris,
1176 2861 1270 2936 rerum

224 2978 374 3048 gestarum
401 2973 591 3034 monumentis
614 2973 804 3052 consignatus
831 2993 890 3038 non
913 2993 992 3038 esse:
1019 2979 1062 3039 ita
1083 2977 1169 3038 huius
1191 2974 1270 3054 artis,
1313 2972 1319 3060 l

223 3077 255 3132 ut
283 3079 458 3148 ceterarum,
490 3075 576 3134 initia
602 3075 754 3136 vetustatis
789 3075 874 3154 quasi
907 3079 1036 3170 caligine
1069 3071 1269 3138 obscurantur.
1314 3091 1319 3103 ⁴

122 3244 124 3247 ¹
222 3171 385 3235 Prudenter
405 3173 476 3235 fecit
496 3175 603 3252 igitur,
633 3173 741 3254 quod
732 3194 763 3234 ιιι
784 3174 924 3256 Bruto(5
928 3175 941 3259 )
964 3177 1000 3241 de
1022 3161 1188 3257 originibus
1210 3175 1270 3238 elo·

224 3275 360 3354 quentiae
382 3273 534 3335 Romanae
563 3275 709 3336 disserens
737 3271 918 3358 principibus
947 3279 1120 3360 quibusdam
1147 3275 1270 3341 civitatis
1314 3332 1317 3345 ,

223 3372 339 3434 dicendi
364 3373 482 3434 laudem
509 3375 567 3436 nisi
595 3378 770 3460 suspicando
799 3389 827 3442 et
856 3381 1046 3442 coniectando
1074 3399 1133 3443 non
1160 3377 1270 3442 tribuit.

223 3473 258 3537 Si
280 3481 364 3535 erant
385 3473 501 3550 diserti,
526 3485 609 3540 erant
629 3467 689 3562 pro
707 3483 822 3544 ratione
841 3483 946 3544 aetatis
965 3489 993 3544 et
1011 3473 1185 3544 eruditionis
1201 3480 1269 3551 eius,

223 3591 300 3672 quae
336 3583 403 3638 ante
436 3575 613 3642 debellatum
638 3581 756 3644 Italiam
789 3591 817 3645 ct
845 3584 1060 3646 accuratiorem
1090 3583 1270 3647 Graecorum

220 3667 355 3764 notitiam
383 3693 447 3740 esse
473 3681 575 3760 potuit.
619 3682 721 3764 Neque
751 3691 867 3746 exstant
892 3684 956 3746 ulla
987 3683 1141 3746 literarum
1168 3687 1269 3745 monu-

222 3757 322 3836 menta
351 3761 411 3838 tam
442 3779 564 3862 antiqua
595 3791 646 3846 aut
674 3805 711 3848 ea
736 3783 793 3848 fide
820 3785 925 3865 digna,
958 3792 990 3847 ut
1016 3785 1083 3866 plus
1111 3789 1201 3866 quam
1225 3781 1270 3842 in-

222 3883 332 3938 certam
353 3873 495 3942 dictorum
515 3876 719 3968 factorumque
733 3887 842 3950 lamam
864 3887 1055 3948 nanciscaris
1094 3887 1172 3951 Ceus
1196 3883 1269 3946 enim

290 4125 355 4192 Ἣ
377 4128 468 4198 ΜΨ]
558 4131 625 4200 3)l
644 4133 669 4188 8.
695 4135 791 4203 quibus
815 4135 951 4190 aCrasso
975 4135 1054 4190 dietis
1073 4107 1169 4188 confer
1187 4132 1269 4187 scae-

219 4210 535 4361 pplaelqlisputationem
560 4217 768 4276 eontrerlemc.
792 4221 886 4293 9sqq
973 4221 1002 4290 i)
1026 4219 1105 4278 Tusa.
1122 4217 1157 4276 V.
1185 4217 1216 4282 2,
1242 4210 1267 4267 5

265 4312 280 4349 c
